@inproceedings{chen1993asb,
  author = {S.F. Chen},
  booktitle = {Proceedings of the 31st annual meeting on ACL},
  interhash = {0297d9839d29fe7fe620414285ed0756},
  intrahash = {6a469aa0436f619c6ee0c4f9f9a12623},
  organization = {ACL},
  pages = {9--16},
  title = {{Aligning sentences in bilingual corpora using lexical information}},
  year = 1993,
  keywords = {Master alignment statistical},
  added-at = {2010-11-03T11:37:37.000+0100},
  biburl = {http://www.bibsonomy.org/bibtex/26a469aa0436f619c6ee0c4f9f9a12623/unhammer}
}

@inproceedings{koehn2005emc,
  address = {Phuket, Thailand},
  author = {Philipp Koehn},
  booktitle = {Conference Proceedings: the tenth Machine Translation Summit},
  interhash = {4ceb93d0c8ffe7064a5cd9d080108f46},
  intrahash = {3ece8bf7ce318488e8dde585d17e8954},
  organization = {MT Summit X},
  pages = {79--86},
  title = {Europarl: A Multilingual Corpus for Evaluation of Machine Translation},
  year = 2005,
  keywords = {Corpus Europarl MT Master},
  added-at = {2010-10-29T10:04:09.000+0200},
  biburl = {http://www.bibsonomy.org/bibtex/23ece8bf7ce318488e8dde585d17e8954/unhammer}
}

@article{graham2009osr,
  author = {Y. Graham and J. van Genabith},
  interhash = {df4c85d22b307b7c8d835856bb3aba62},
  intrahash = {3173b66343f3533ce1afc7068e2f3d12},
  journal = {The Prague Bulletin of Mathematical Linguistics, Special Issue: Open Source Tools for Machine Translation},
  pages = {37--46},
  title = {{An Open Source Rule Induction Tool for Transfer-Based SMT}
},
  volume = 91,
  year = 2009,
  keywords = {LFG MT Master Prolog SMT alignment open_source transfer},
  added-at = {2010-10-26T15:08:41.000+0200},
  biburl = {http://www.bibsonomy.org/bibtex/23173b66343f3533ce1afc7068e2f3d12/unhammer}
}

@inproceedings{graham2010dsl,
  address = {Beijing, China},
  author = {Yvette Graham and Josef van Genabith},
  interhash = {8e1e5c4f353cc8c755aa4c76b9bfe0e1},
  intrahash = {44b71332d991d69718cea3ae32aad400},
  journal = {Proceedings of the Fourth International Workshop on Syntax and Structure in Statistical Translation},
  publisher = {The 23rd International Conference on Computational Linguistics},
  title = {{Deep Syntax Language Models and Statistical Machine Translation}},
  url = {http://www.computing.dcu.ie/~ygraham/graham-vangenabith-10.pdf},
  year = 2010,
  keywords = {LFG MT Master SMT transfer},
  added-at = {2010-10-25T20:33:52.000+0200},
  biburl = {http://www.bibsonomy.org/bibtex/244b71332d991d69718cea3ae32aad400/unhammer}
}

@inproceedings{graham2009fts,
  address = {Trinity College, Cambridge},
  author = {Yvette Graham and Anton Bryl and Josef van Genabith},
  booktitle = {Proceedings of LFG09},
  editor = {Miriam Butt and Tracy Holloway King},
  interhash = {bca91dfb00e2bf0f7a2d7fbaba908faa},
  intrahash = {db907bb5fbc8c9625c6d2b6d7c4dcd45},
  pages = {317--337},
  publisher = {CSLI Publications},
  title = {F-structure transfer-based statistical machine translation},
  url = {http://pargram.b.uib.no/references/2009s/},
  year = 2009,
  keywords = {LFG MT Master SMT transfer},
  added-at = {2010-10-25T20:25:10.000+0200},
  biburl = {http://www.bibsonomy.org/bibtex/2db907bb5fbc8c9625c6d2b6d7c4dcd45/unhammer}
}

@conference{tiedemann2009dat,
  author = {J. Tiedemann and G. Kotz{\'e}},
  booktitle = {Proceedings of the Workshop on Natural Language Processing Methods and Corpora in Translation, Lexicography, and Language Learning},
  interhash = {8b1794f4dc02256ab86f4a595a9ab6a0},
  intrahash = {b45aef113344f17deb02bc1a96a4aa85},
  organization = {ACL},
  pages = {33--39},
  title = {{A discriminative approach to tree alignment}},
  url = {http://acl.eldoc.ub.rug.nl/mirror/W/W09/W09-42.pdf#page=43},
  year = 2009,
  keywords = {Master SMT alignment treebank},
  added-at = {2010-10-25T19:57:19.000+0200},
  biburl = {http://www.bibsonomy.org/bibtex/2b45aef113344f17deb02bc1a96a4aa85/unhammer}
}

@conference{zhechev2008agp,
  author = {V. Zhechev and A. Way},
  booktitle = {Proceedings of COLING 2008},
  interhash = {4485f3c3d9def59a67c33a57d1688c17},
  intrahash = {3ad2c6d85b47c74cf64b8b9a0dae0883},
  organization = {ACL},
  pages = {1105--1112},
  title = {{Automatic generation of parallel treebanks}},
  url = {http://www.nltg.brighton.ac.uk/home/Roger.Evans/private/coling2008/cdrom/PAPERS/pdf/PAPERS139.pdf},
  year = 2008,
  keywords = {Master SMT parallel treebank},
  added-at = {2010-10-25T19:52:46.000+0200},
  biburl = {http://www.bibsonomy.org/bibtex/23ad2c6d85b47c74cf64b8b9a0dae0883/unhammer}
}

@conference{volk2008hjp,
  author = {M. Volk and T. Marek and Y. Samuelsson},
  booktitle = {Proceedings of the Workshop on Human Judgements in Computational Linguistics},
  interhash = {fb06c22411e89d5aded4fb6235b746c9},
  intrahash = {2f9209e88b721b13f13078f17828cca4},
  organization = {ACL},
  pages = {51--57},
  title = {{Human judgements in parallel treebank alignment}},
  url = {http://www.aclweb.org/anthology-new/W/W08/W08-1208.pdf},
  year = 2008,
  keywords = {Master SMULTRON alignment judgement parallel treebank},
  added-at = {2010-10-25T15:45:21.000+0200},
  biburl = {http://www.bibsonomy.org/bibtex/22f9209e88b721b13f13078f17828cca4/unhammer}
}

@article{stodden2009err,
  author = {V. Stodden},
  interhash = {e5a0d3f78407929d1549a6b233c648cc},
  intrahash = {83f66bfdbf46fc17629a4cd89cc1ca2b},
  journal = {International Journal of Communications Law and Policy},
  number = 13,
  title = {Enabling Reproducible Research: Licensing for Scientific Innovation},
  url = {http://www.ijclp.net/issue_13.html},
  year = 2009,
  keywords = {master open_source reproducible_research},
  added-at = {2010-10-17T09:47:16.000+0200},
  biburl = {http://www.bibsonomy.org/bibtex/283f66bfdbf46fc17629a4cd89cc1ca2b/unhammer}
}

@article{barnes2010pcc,
  author = {Nick Barnes},
  interhash = {f40cb4f50fe9a308d1004746b0a85bbe},
  intrahash = {bf86bd9089fdf7107fd22181c9880e76},
  journal = {Nature},
  note = {doi:10.1038/467753a },
  number = 753,
  title = {{Publish your computer code: it is good enough}},
  url = {http://www.nature.com/news/2010/101013/full/467753a.html},
  volume = 467,
  year = 2010,
  keywords = {master open_source reproducible_research},
  added-at = {2010-10-16T14:53:00.000+0200},
  biburl = {http://www.bibsonomy.org/bibtex/2bf86bd9089fdf7107fd22181c9880e76/unhammer}
}

@unpublished{unhammer2009aaa,
  author = {Kevin Brubeck Unhammer},
  interhash = {99e0a0a358f1d570619ae75fbcfc6906},
  intrahash = {14bf4d2e0538bf44e78434ca82df847c},
  title = {{Do arguments and adjuncts ever align? LINGMET semester assignment}
},
  url = {http://www.student.uib.no/~kun041/doc/argstr.pdf},
  year = 2009,
  keywords = {alignment argument_structure lfg master myown},
  added-at = {2010-09-01T15:00:02.000+0200},
  biburl = {http://www.bibsonomy.org/bibtex/214bf4d2e0538bf44e78434ca82df847c/unhammer}
}

@inproceedings{dyvik2009lmp,
  address = {Milan, Italy},
  author = {H. Dyvik and P. Meurer and V. Ros{\'e}n and K. De Smedt},
  booktitle = {Proceedings of TLT8 },
  editor = {M. Passarotti and A. Przepiórkowski and S. Raynaud and F. Van Eynde},
  interhash = {bd134ba48184ddb8f2ae82ca9de9db26},
  intrahash = {1a8114fdc917316eeebbb8c508bef44f},
  pages = {71--82},
  publisher = {EDUCatt},
  title = {Linguistically Motivated Parallel Parsebanks},
  url = {http://tlt8.unicatt.it/allegati/Proceedings_TLT8.pdf#page=83},
  year = 2009,
  keywords = {LFG Master alignment treebank},
  added-at = {2010-04-16T11:22:20.000+0200},
  biburl = {http://www.bibsonomy.org/bibtex/21a8114fdc917316eeebbb8c508bef44f/unhammer}
}

@inproceedings{tyers2009rba,
  author = {F. M. Tyers},
  booktitle = {Proceedings of the 13th Annual Conference of the European Association of Machine Translation, EAMT09},
  interhash = {fe056fa4bc585ed1f76366c0b01dde16},
  intrahash = {7d9b75b6786c646fd31a452bea7877e0},
  title = {{Rule-based augmentation of training data in Breton--French statistical machine translation}},
  url = {http://xixona.dlsi.ua.es/~fran/publications/eamt2009b.pdf},
  year = 2009,
  keywords = {Breton French Hybrid Master RBMT SMT apertium statistical},
  added-at = {2009-12-03T11:51:00.000+0100},
  biburl = {http://www.bibsonomy.org/bibtex/27d9b75b6786c646fd31a452bea7877e0/unhammer}
}

@inproceedings{atserias2006fss,
  address = {Genoa, Italy},
  author = {Jordi Atserias and Bernardino Casas and Elisabet Comelles and Meritxell González and Llu{\'i}s Padr{\'o} and Muntsa Padr{\'o}.},
  booktitle = {{Proceedings of the Fifth International Conference on Language Resources and Evaluation (LREC 2006)}},
  interhash = {3df10b719da33cd37eaa474111879f91},
  intrahash = {983e7a4035a4521637b48a2d3eb937af},
  publisher = {ELRA},
  title = {{FreeLing 1.3: Syntactic and semantic services in an open-source NLP library }},
  url = {http://www.lsi.upc.edu/~nlp/freeling},
  year = 2006,
  keywords = {Apertium FreeLing Matxin NLP master open_source},
  added-at = {2009-12-02T12:07:08.000+0100},
  location = {http: / / www. lsi. upc. edu / ~ nlp / freeling},
  biburl = {http://www.bibsonomy.org/bibtex/2983e7a4035a4521637b48a2d3eb937af/unhammer},
  date = {:}
}

@inproceedings{sanchez-martinez2009hrb,
  address = {Dublin, Ireland},
  author = {Felipe Sánchez-Martínez and Mikel L. Forcada and Andy Way},
  booktitle = {Proceedings of the 3rd Workshop on Example-Based Machine Translation},
  editor = {Mikel L. Forcada and Andy Way},
  interhash = {c6eb549969d9e60ab9a1689de87149be},
  intrahash = {c68fa463d641f2871cbb2a4aedf8b3ea},
  organization = {Centre for Next Generation Localisation (CNGL)},
  pages = {11--18},
  title = {{Hybrid Rule-Based – Example-Based MT: Feeding Apertium with Sub-sentential Translation Units}},
  url = {http://www.computing.dcu.ie/%7Emforcada/ebmt3/proceedings.html},
  year = 2009,
  keywords = {Apertium EBMT Hybrid MT Master Matrex RBMT},
  added-at = {2009-11-27T15:31:58.000+0100},
  biburl = {http://www.bibsonomy.org/bibtex/2c68fa463d641f2871cbb2a4aedf8b3ea/unhammer}
}

@book{partee1993mml,
  address = {Dordrecht},
  author = {Barbara H. Partee and Alice ter Meulen and Robert E. Wall},
  interhash = {b42924bd7763d2eba3215b31bf554e84},
  intrahash = {0a02e0982582cdf995d5817af1b4c235},
  publisher = {Kluwer Academic Publishers},
  title = {Mathematical Methods in Linguistics. Corrected first edition.},
  year = 1990,
  keywords = {Master grammar haveread logic},
  added-at = {2009-11-25T18:16:24.000+0100},
  biburl = {http://www.bibsonomy.org/bibtex/20a02e0982582cdf995d5817af1b4c235/unhammer}
}

@incollection{nivre2005tnp,
  address = {Stanford, California, USA},
  author = {Joakim Nivre},
  booktitle = {Inquiries into Words, Constraints and Contexts. Festschrift in the Honour of Kimmo Koskenniemi on his 60th Birthday},
  interhash = {244c3666b281f9f788d27f6f7df5d472},
  intrahash = {fcbfe0ca7b6132d56508ddae1c91d287},
  publisher = {CSLI Publications},
  title = {{Two notions of parsing}},
  url = {http://stp.ling.uu.se/~nivre/docs/2notions.pdf},
  year = 2005,
  keywords = {CG Master parser parsing},
  added-at = {2009-11-25T17:53:32.000+0100},
  biburl = {http://www.bibsonomy.org/bibtex/2fcbfe0ca7b6132d56508ddae1c91d287/unhammer}
}

@inproceedings{alegria2005oat,
  address = {Phuket, Thailand},
  author = {I. Alegria and A. Díaz de Ilarraza and G. Labaka and M. Lersundi and A. Mayor and K. Sarasola and M.L. Forcada and S. Ortiz-Rojas and L. Padr{\'o}},
  booktitle = {{Proceedings of the MT Summit X Workshop on Open-Source Machine Translation}},
  interhash = {a0ed1a52b68f8780176132f2a04102df},
  intrahash = {49632066f72b432edecba1939f3705ac},
  pages = {7--14},
  title = {{An Open Architecture for Transfer-based Machine Translation between Spanish and Basque}},
  url = {http://ixa.si.ehu.es/Ixa/Argitalpenak/Artikuluak/1117456805/publikoak/es-eu-diseinua.pdf},
  year = 2005,
  keywords = {Apertium Basque Freeling MT Master Matxin RBMT Spanish open_source},
  added-at = {2009-11-23T22:19:40.000+0100},
  biburl = {http://www.bibsonomy.org/bibtex/249632066f72b432edecba1939f3705ac/unhammer}
}

@inproceedings{munoz2009jef,
  address = {Alicante},
  author = {Luis Villarejo Muñoz and Sergio Ortiz Rojas and Mireia Ginestí Rosell},
  booktitle = {{Proceedings of the First International Workshop on Free/Open-Source Rule-Based Machine Translation}},
  editor = {Juan Antonio Pérez-Ortiz and Felipe Sánchez-Martínez and Francis M. Tyers},
  interhash = {2adce76e2abdedca5e62d5cb24009b7f},
  intrahash = {7a0c217ad84f4e642082392d20770126},
  pages = {75--82},
  publisher = {Universidad de Alicante. Departamento de Lenguajes y Sistemas Informáticos},
  title = {{Joint efforts to further develop and incorporate Apertium into the document management flow at Universitat Oberta de Catalunya}},
  url = {http://hdl.handle.net/10045/12033},
  year = 2009,
  keywords = {MT Master RBMT apertium},
  added-at = {2009-11-23T21:33:27.000+0100},
  biburl = {http://www.bibsonomy.org/bibtex/27a0c217ad84f4e642082392d20770126/unhammer}
}

@inproceedings{mayor2009mmt,
  address = {Alicante},
  author = {Aingeru Mayor-Martínez and Francis M. Tyers},
  booktitle = {{Proceedings of the First International Workshop on Free/Open-Source Rule-Based Machine Translation}},
  editor = {Juan Antonio Pérez-Ortiz and Felipe Sánchez-Martínez and Francis M. Tyers},
  interhash = {b97bc06afed11e7ba9f61ab647715c71},
  intrahash = {97fe1275392d0cde42f068b84cd4ce68},
  pages = {11--17},
  publisher = {Universidad de Alicante. Departamento de Lenguajes y Sistemas Informáticos},
  title = {{Matxin: moving towards language independence}},
  url = {http://hdl.handle.net/10045/12022},
  year = 2009,
  keywords = {Apertium Master Matxin},
  added-at = {2009-11-23T21:32:22.000+0100},
  biburl = {http://www.bibsonomy.org/bibtex/297fe1275392d0cde42f068b84cd4ce68/unhammer}
}

@book{karlsson1995cgl,
  address = {Berlin},
  editor = {Fred Karlsson and Atro Voutilainen and Juha Heikkila and Arto Anttila},
  interhash = {48338f5c76326baae3d621121cdefff2},
  intrahash = {b57a5a5d60130c3c023227f5dcb74aaa},
  publisher = {Mouton de Gruyter},
  title = {{Constraint Grammar: A  Language-Independent System for Parsing Unrestricted Text}},
  year = 1995,
  keywords = {CG Master apertium parser parsing toread},
  added-at = {2009-11-23T14:55:45.000+0100},
  isbn = {3110141795},
  biburl = {http://www.bibsonomy.org/bibtex/2b57a5a5d60130c3c023227f5dcb74aaa/unhammer}
}

@book{jurafsky2008slp,
  address = {Upper Saddle River, NJ},
  author = {Daniel Saul Jurafsky and James H. Martin},
  edition = 2,
  interhash = {0d79eb1e9f521540b522a0c9ceb594b8},
  intrahash = {571d056ea0659c5752676cf0b5c23c4f},
  publisher = {Prentice Hall},
  title = {{Speech and Language Processing: An Introduction to Natural Language Processing, Computational Linguistics and Speech Recognition}},
  year = 2008,
  keywords = {AI MT Master NLP},
  added-at = {2009-11-19T21:12:03.000+0100},
  biburl = {http://www.bibsonomy.org/bibtex/2571d056ea0659c5752676cf0b5c23c4f/unhammer}
}

@inproceedings{zubizarreta2009amt,
  address = {Alicante},
  author = {Mikel L. Forcada Zubizarreta and Francis M. Tyers and Gema Ramírez-Sánchez},
  booktitle = {{Proceedings of the First International Workshop on Free/Open-Source Rule-Based Machine Translation}},
  editor = {Juan Antonio Pérez-Ortiz and Felipe Sánchez-Martínez and Francis M. Tyers},
  interhash = {e64ba47b8b5ae381b964dbe03a598974},
  intrahash = {e7ff1924ea8217de54f19c547e8bfcd0},
  organization = {Departamento de Lenguajes y Sistemas Informáticos},
  pages = {3--10},
  publisher = {Universidad de Alicante},
  title = {{The Apertium machine translation platform: five years on}},
  url = {http://rua.ua.es/dspace/handle/10045/12021},
  year = 2009,
  keywords = {MT Master RBMT apertium},
  added-at = {2009-11-17T19:05:59.000+0100},
  biburl = {http://www.bibsonomy.org/bibtex/2e7ff1924ea8217de54f19c547e8bfcd0/unhammer}
}

@inproceedings{trosterud2009cgf,
  address = {Tartu, Estonia},
  author = {Trond Trosterud},
  booktitle = {Proceedings of the NODALIDA 2009 workshop Constraint Grammar and robust parsing},
  editor = {Eckhard Bick and Kristin Hagen and Kaili Müürisep and Trond Trosterud},
  interhash = {443742945ba6daddf4d813b0884c24cd},
  intrahash = {af99d122f4393aa361db71b9b449f252},
  journal = {NEALT Proceedings Series},
  organization = {Northern European Association for Language Technology},
  pages = {1--7},
  publisher = {Tartu University Library},
  title = {A constraint grammar for Faroese},
  url = {http://hdl.handle.net/10062/14285},
  volume = 8,
  year = 2009,
  keywords = {Apertium CG FST Faroese Master Matxin},
  added-at = {2009-11-16T20:47:38.000+0100},
  biburl = {http://www.bibsonomy.org/bibtex/2af99d122f4393aa361db71b9b449f252/unhammer}
}

@article{sanchez-martinez2008utl,
  author = {Felipe Sánchez-Martínez and Juan Pérez-Ortiz and Mikel Forcada},
  interhash = {ecb66864bc59b7662d0f217f39966b43},
  intrahash = {cfb928dd214e98b7c0e8acc51c77fc3b},
  journal = {Machine Translation},
  number = 1,
  pages = {29--66},
  title = {Using target-language information to train part-of-speech taggers for machine translation},
  url = {http://dx.doi.org/10.1007/s10590-008-9044-3},
  volume = 22,
  year = 2008,
  keywords = {HMM MT Master POS-tagging RBMT apertium tagger toread},
  added-at = {2009-11-16T14:18:02.000+0100},
  biburl = {http://www.bibsonomy.org/bibtex/2cfb928dd214e98b7c0e8acc51c77fc3b/unhammer},
  abstract = {Abstract&nbsp;&nbsp;Although corpus-based approaches to machine translation (MT) are growing in interest, they are not applicable when the translation
involves less-resourced language pairs for which there are no parallel corpora available; in those cases, the rule-based approach is the only applicable solution. Most rule-based MT systems makeuse of part-of-speech (PoS) taggers to solve the PoS ambiguities in the source-language texts to translate; those MT systemsrequire accurate PoS taggers to produce reliable translations in the target language (TL). The standard statistical approachto PoS ambiguity resolution (or tagging) uses hidden Markov models (HMM) trained in a supervised way from hand-tagged corpora, an expensive resource not always available,or in an unsupervised way through the Baum-Welch expectation-maximization algorithm; both methods use information only fromthe language being tagged. However, when tagging is considered as an intermediate task for the translation procedure, thatis, when the PoS tagger is to be embedded as a module within an MT system, information from the TL can be (unsupervisedly)used in the training phase to increase the translation quality of the whole MT system. This paper presents a method to trainHMM-based PoS taggers to be used in MT; the new method uses not only information from the source language (SL), as general-purposemethods do, but also information from the TL and from the remaining modules of the MT system in which the PoS tagger is tobe embedded. We find that the translation quality of the MT system embedding a PoS tagger trained in an unsupervised mannerthrough this new method is clearly better than that of the same MT system embedding a PoS tagger trained through the Baum-Welchalgorithm, and comparable to that obtained by embedding a PoS tagger trained in a supervised way from hand-tagged corpora.}
}

@inproceedings{sheikh2009tpt,
  address = {Alicante},
  author = {Zaid Md Abdul Wahab Sheikh and Felipe Sánchez-Martínez},
  booktitle = {{Proceedings of the First International Workshop on Free/Open-Source Rule-Based Machine Translation}},
  editor = {Juan Antonio Pérez-Ortiz and Felipe Sánchez-Martínez and Francis M. Tyers},
  interhash = {0a07154ba005e2e1164ccaf544e822c0},
  intrahash = {9beadf9cc01153d68b56674be6950106},
  pages = {67--74},
  publisher = {Universidad de Alicante. Departamento de Lenguajes y Sistemas Informáticos},
  title = {{A trigram part-of-speech tagger for the Apertium free/open-source machine translation platform}},
  url = {http://hdl.handle.net/10045/12032},
  year = 2009,
  keywords = {Apertium HMM POS-tagging master statistical tagger trigram},
  added-at = {2009-11-16T13:35:08.000+0100},
  biburl = {http://www.bibsonomy.org/bibtex/29beadf9cc01153d68b56674be6950106/unhammer}
}

@article{ginesti2009dfb,
  author = {M. Ginest{\i}-Rosell and G. Ram{\i}rez-S{\'a}nchez and S. Ortiz-Rojas and F.M. Tyers and M.L. Forcada},
  interhash = {e0918b764366f127199869822bc8a9af},
  intrahash = {61afd6149192846f52a28d5e0a6ca1b6},
  journal = {Procesamiento del Lenguaje Natural},
  pages = {187--195},
  title = {{Development of a free Basque to Spanish machine translation system}},
  url = {http://sepln.org/revistaSEPLN/revista/43/articulos/art21.pdf},
  volume = 43,
  year = 2009,
  keywords = {Apertium Basque Master Matxin RBMT Spanish},
  added-at = {2009-11-15T19:18:44.000+0100},
  biburl = {http://www.bibsonomy.org/bibtex/261afd6149192846f52a28d5e0a6ca1b6/unhammer}
}

@techreport{daelemans2009timbl,
  author = {Walter Daelemans and Jakub Zavrel and Ko Sloot and Antal Van Den Bosch},
  interhash = {a75e60f722e416e73b97f5b4a5425f84},
  intrahash = {4bf4f6159e40007197776a05dcd5db98},
  number = {09-01},
  title = {{Ti{MBL}: Tilburg Memory-Based Learner, version 6.2, Reference Guide}},
  type = {ILK Technical Report},
  url = {http://ilk.kub.nl/~ilk/papers/ilk9803.ps.gz},
  year = 2009,
  keywords = {DASP303 ML Master TiMBL},
  added-at = {2009-11-11T21:35:13.000+0100},
  biburl = {http://www.bibsonomy.org/bibtex/24bf4f6159e40007197776a05dcd5db98/unhammer}
}

@inbook{frank2005weka,
  address = {Berlin},
  author = {E. Frank and M. A. Hall and G. Holmes and R. Kirkby and B. Pfahringer and I. H. Witten},
  booktitle = {Data Mining and Knowledge Discovery Handbook: A Complete Guide for Practitioners and Researchers},
  editor = {O. Maimon and L. Rokach},
  interhash = {efd9b5dadfd832fc98d173bf4a1bc6a3},
  intrahash = {13435afd510be944e56862b0523643b9},
  pages = {1305--1314},
  publisher = {Springer},
  title = {{Weka: A machine learning workbench for data mining.}},
  url = {http://researchcommons.waikato.ac.nz/handle/10289/1497},
  year = 2005,
  keywords = {DASP303 ML Master WEKA},
  added-at = {2009-11-11T16:04:07.000+0100},
  biburl = {http://www.bibsonomy.org/bibtex/213435afd510be944e56862b0523643b9/unhammer}
}

@inproceedings{johannessen1996aan,
  address = {Turku/Åbo, Finland},
  author = {J.B. Johannessen and H. Hauglin},
  booktitle = {Papers from the 16th Scandinavian Conference of Linguistics},
  editor = {T. Haukioja},
  interhash = {94eeea67c79ae093b8accd913a71fd46},
  intrahash = {f3b54dec50c78d3a5ecf36750d525319},
  title = {{An automatic analysis of Norwegian compounds}},
  url = {http://folk.uio.no/jannebj/Scan.Conf.Turku-96.ps},
  year = 1996,
  keywords = {FST Master Norwegian OBT apertium compound haveread morphology},
  added-at = {2009-11-11T13:44:11.000+0100},
  description = {Samansetjingsmodulen til Oslo-Bergen-taggeren},
  biburl = {http://www.bibsonomy.org/bibtex/2f3b54dec50c78d3a5ecf36750d525319/unhammer}
}

@article{daelemans1994asd,
  author = {W. Daelemans and S. Gillis and G. Durieux},
  interhash = {501f726b3d1acbcdb731bcdd5471febf},
  intrahash = {e3e40f14005c27428880485bbfc94bbf},
  journal = {Computational Linguistics},
  number = 3,
  pages = {421--451},
  publisher = {MIT Press Cambridge, MA, USA},
  title = {{The acquisition of stress: a data-oriented approach}},
  volume = 20,
  year = 1994,
  keywords = {DASP303 IBL ML Master phonetics phonology pri stress syllabus},
  added-at = {2009-10-05T11:11:47.000+0200},
  description = {Instance-based learning, similarity measures},
  biburl = {http://www.bibsonomy.org/bibtex/2e3e40f14005c27428880485bbfc94bbf/unhammer}
}

@inproceedings{perez2001ptr,
  address = {Washington D.C., USA},
  author = {J.A. P\´{e}rez-Ortiz and M.L. Forcada},
  booktitle = {IJCNN},
  interhash = {f412cbff66866b98337dbf6bb3ed01a2},
  intrahash = {847601164b09bf97f422fe1d731283e9},
  pages = {1588--1592},
  title = {{Part-of-speech Tagging with Recurrent Neural Networks}},
  year = 2001,
  keywords = {Master NN POS-tagging apertium disambiguation pri toread},
  added-at = {2009-09-29T15:44:29.000+0200},
  biburl = {http://www.bibsonomy.org/bibtex/2847601164b09bf97f422fe1d731283e9/unhammer}
}

@inproceedings{papineni2001bleu,
  address = {Morristown, NJ, USA},
  author = {Kishore Papineni and Salim Roukos and Todd Ward and Wei-Jing Zhu},
  booktitle = {ACL '02},
  interhash = {7ef1823da290ca943c406f5c8293777a},
  intrahash = {a669004e8f64b28e538a84e63dd131d5},
  pages = {311--318},
  publisher = {ACL},
  title = {{{\sc Bleu}: A Method for Automatic Evaluation of Machine Translation}},
  year = 2001,
  keywords = {Bleu MT Master apertium evaluation toread},
  added-at = {2009-09-29T15:39:44.000+0200},
  location = {Philadelphia, Pennsylvania},
  description = {BLEU},
  biburl = {http://www.bibsonomy.org/bibtex/2a669004e8f64b28e538a84e63dd131d5/unhammer},
  abstract = {Human evaluations of machine translation
are extensive but expensive. Human evaluations can take months to finish and involve human labor that can not be reused.
We propose a method of automatic machine translation evaluation that is quick,
inexpensive, and language-independent,
that correlates highly with human evaluation, and that has little marginal cost per
run. We present this method as an automated understudy to skilled human judges
which substitutes for them when there is
need for quick or frequent evaluations. }
}

@inproceedings{tyers2009dpm,
  address = {Barcelona, Spain},
  author = {F.M. Tyers and L. Wiechetek and T. Trosterud},
  booktitle = {EAMT-2009},
  editor = {Lluís Màrquez and Harold Somers},
  interhash = {7d2ed7d0c78acf44022d31928a50d393},
  intrahash = {0f84cd6dfc4bff66c62ff6d717c2bdea},
  pages = {120--127},
  publisher = {Universitat Politècnica de Catalunya},
  title = {{Developing Prototypes for Machine Translation between Two S{\'a}mi Languages}},
  url = {http://www.mt-archive.info/EAMT-2009-Tyers-1.pdf},
  year = 2009,
  keywords = {Apertium Lule_Sámi MT Master North_Sámi RBMT SMT Sámi},
  added-at = {2009-09-29T15:38:33.000+0200},
  biburl = {http://www.bibsonomy.org/bibtex/20f84cd6dfc4bff66c62ff6d717c2bdea/unhammer},
  month = May
}

@inproceedings{desmedt2000apn,
  address = {Trondheim},
  author = {K. de Smedt and V. Ros{\'e}n},
  booktitle = {NODALIDA'99: Proceedings from the 12th "Nordiske datalingvistikkdager"},
  editor = {Torbjørn Nordgård},
  interhash = {923a939af8db85de50659b1ce0a2a62a},
  intrahash = {3ae7d8915b67c9c37a6817cda337fd31},
  pages = {206--215},
  publisher = {NTNU},
  title = {{Automatic proofreading for Norwegian: The challenges of lexical and grammatical variation}},
  year = 2000,
  keywords = {Master OCR proofreading toread},
  added-at = {2009-09-17T17:19:27.000+0200},
  description = {SCARRIE},
  biburl = {http://www.bibsonomy.org/bibtex/23ae7d8915b67c9c37a6817cda337fd31/unhammer}
}

@inbook{desmedt2004hsg,
  address = {København},
  author = {K. de Smedt and A. Liseth and M. Hassel and H. Dalianis},
  editor = {Henrik Holmboe},
  interhash = {46681e106fb43b75fcbfe3ffac308282},
  intrahash = {4d310470f283673e658b419252ad0683},
  journal = {Nordisk Sprogteknologi 2004: Årbog for Nordisk Sprogteknologisk Forskningsprogram 2000-2004},
  pages = {267--287},
  publisher = {Museum Tusculanums Forlag},
  title = {{How short is good? An evaluation of automatic summarization}},
  year = 2005,
  keywords = {IE IR Master summarization toread},
  added-at = {2009-09-17T17:12:13.000+0200},
  biburl = {http://www.bibsonomy.org/bibtex/24d310470f283673e658b419252ad0683/unhammer}
}

@inproceedings{lech2005oec,
  address = {Newcastle upon Tyne},
  author = {T.C. Lech and K. Smedt},
  booktitle = {Proceedings from the first Bergen Workshop on Anaphora Resolution (WAR I)},
  editor = {Christer Johansson},
  interhash = {c53168a96ffc263ca63ccb50e6c0a1fa},
  intrahash = {ec403f45ef2eed0a698ab6b744b73819},
  pages = {26--38},
  publisher = {Cambridge Scholars Publishing},
  title = {{Ontology extraction for coreference chaining}},
  year = 2007,
  keywords = {Master anaphora ontology toread},
  added-at = {2009-09-17T17:09:19.000+0200},
  biburl = {http://www.bibsonomy.org/bibtex/2ec403f45ef2eed0a698ab6b744b73819/unhammer}
}

@article{kukich1992techniques,
  author = {K. Kukich},
  interhash = {e659f3fa99cf5e22f237c245907f9d7c},
  intrahash = {27945de7b8a1bea5548a26940cdd52ba},
  journal = {ACM computing surveys},
  number = 4,
  title = {{Techniques for automatically correcting words in text}},
  volume = 24,
  year = 1992,
  keywords = {Master OCR pri proofreading toread},
  added-at = {2009-09-07T21:24:39.000+0200},
  biburl = {http://www.bibsonomy.org/bibtex/227945de7b8a1bea5548a26940cdd52ba/unhammer}
}

@inproceedings{karlsson1990cgf,
  address = {Helsinki, Finland},
  author = {F. Karlsson},
  booktitle = {Proceedings of the 13th Conference on Computational Linguistics},
  editor = {Hans Karlgren},
  interhash = {7199a698237043a34d523e11d3e00364},
  intrahash = {ac1f7800932fd013877ca94d6e3d6c65},
  pages = {168--173},
  title = {{Constraint Grammar as a Framework for Parsing Running Text}},
  url = {http://www.aclweb.org/anthology/C/C90/C90-3030.pdf},
  volume = 3,
  year = 1990,
  keywords = {CG Master apertium haveread},
  added-at = {2009-09-03T14:54:15.000+0200},
  biburl = {http://www.bibsonomy.org/bibtex/2ac1f7800932fd013877ca94d6e3d6c65/unhammer}
}

@article{kilgarriff1997dbw,
  author = {A. Kilgarriff},
  interhash = {9371e215f80f61afaec9fa9b8dc9d3f0},
  intrahash = {e20ce3be3c8dba7cb9e80b40ec196999},
  journal = {Computers and the Humanities},
  number = 2,
  pages = {91--113},
  publisher = {Springer},
  title = {{I Don't Believe in Word Senses}},
  url = {http://explorer.csse.uwa.edu.au/reference/paper/233281837.pdf},
  volume = 31,
  year = 1997,
  keywords = {Master WSD lexical_semantics toread},
  added-at = {2009-05-25T11:41:15.000+0200},
  biburl = {http://www.bibsonomy.org/bibtex/2e20ce3be3c8dba7cb9e80b40ec196999/unhammer}
}

@incollection{ide2006mss,
  address = {Dordrecht},
  author = {N. Ide and Y. Wilks},
  booktitle = {{Word Sense Disambiguation: Algorithms And Applications}},
  chapter = 3,
  interhash = {e1967324162e9180893f17cec4110e27},
  intrahash = {2073a1f509477e61558eed870b5363b7},
  publisher = {Springer},
  title = {{Making Sense About Sense}},
  url = {http://www.cs.vassar.edu/%7Eide/papers/WSDbook.pdf},
  year = 2006,
  keywords = {IR MT Master SENSEVAL WSD WordNet haveread polysemy},
  added-at = {2009-05-25T11:39:19.000+0200},
  biburl = {http://www.bibsonomy.org/bibtex/22073a1f509477e61558eed870b5363b7/unhammer}
}

@inproceedings{dyvik2005tsk,
  address = {Tallinn},
  author = {H. Dyvik},
  booktitle = {{Proceedings of the Second Baltic Conference on Human Language Technologies}},
  interhash = {54b0f3ceb4055a4f215f9fab5f626c9b},
  intrahash = {e74de8085a000e6d406326acde7b0182},
  pages = {27--38},
  publisher = {{Institute of Cybernetics, Tallinn University of Technology \& Institute of the Estonian Language}},
  title = {{Translations as a Semantic Knowledge Source}},
  url = {http://ling.uib.no/helge/TallinnTalk.pdf},
  year = 2005,
  keywords = {Master WSD WordNet haveread semantics translation},
  added-at = {2009-05-25T11:37:45.000+0200},
  description = {There's completely different 2003 draft with the exact same title, at http://hf.uib.no/i/LiLi/SLF/ans/Dyvik/transknow.pdf . This is the right one, though...},
  biburl = {http://www.bibsonomy.org/bibtex/2e74de8085a000e6d406326acde7b0182/unhammer}
}

@book{cruse2002lih,
  address = {Berlin},
  author = {D.A. Cruse and F. Hundsnurscher and M. Job and P.R. Lutzeier},
  interhash = {f3d6269e0c4d0088b97c25f270f9257f},
  intrahash = {8ee54df7b748ed3501da17368f41becd},
  publisher = {Mouton de Gruyter},
  title = {{Lexikologie: Ein Internationales Handbuch Zur Natur und Struktur Von Wortern und Wortschatzen (An International Handbook on the Nature and Structure of Words and Vocabularies)}},
  year = 2002,
  keywords = {Master lexical_semantics},
  added-at = {2009-05-25T11:33:29.000+0200},
  biburl = {http://www.bibsonomy.org/bibtex/28ee54df7b748ed3501da17368f41becd/unhammer}
}

@incollection{mwd2009clear,
  booktitle = {{Merriam-Webster Online Dictionary}},
  interhash = {c54277bf14678bc29ad543d6ba8a21de},
  intrahash = {9329b0ee9e9b3616b9bdf549dd25d7c0},
  title = {clear},
  url = {http://www.merriam-webster.com/dictionary/clear},
  year = 2009,
  keywords = {Master dictionary polysemy},
  added-at = {2009-05-23T14:49:23.000+0200},
  lastchecked = {2009-05-23},
  biburl = {http://www.bibsonomy.org/bibtex/29329b0ee9e9b3616b9bdf549dd25d7c0/unhammer}
}

@article{weinreich1964wtc,
  author = {Uriel Weinreich},
  interhash = {94c95d2cf57ca2b4576b27070bf6c549},
  intrahash = {0f0f38b9fd7fcb7dc3c294ef3334ebf0},
  journal = {International Journal of American Linguistics},
  number = 4,
  pages = {405--409},
  publisher = {The University of Chicago Press},
  title = {{Webster's Third: A Critique of Its Semantics}},
  url = {http://www.jstor.org/stable/1263534},
  volume = 30,
  year = 1964,
  keywords = {Master haveread lexical_semantics polysemy},
  added-at = {2009-05-20T15:39:00.000+0200},
  biburl = {http://www.bibsonomy.org/bibtex/20f0f38b9fd7fcb7dc3c294ef3334ebf0/unhammer}
}

@incollection{flottum2006wnr,
  address = {Bern},
  author = {K. T. Fl\o{}ttum and T. Kinn and T. Dahl},
  booktitle = {{Academic discourse across disciplines}},
  editor = {K. Hyland and M. Bondi},
  interhash = {3e4caa34e21d1d53fb75f486d7dbd1a4},
  intrahash = {843a267c4756afe786f00a8d61995bf9},
  publisher = {Peter Lang},
  title = {{“We now report on ..." versus “Let us now see how ...": Author roles and interaction with readers in research articles. }},
  url = {http://www.hf.uib.no/forskerskole/FlottumKinnDahl.pdf},
  year = 2006,
  keywords = {Master writing},
  added-at = {2009-05-19T20:53:16.000+0200},
  biburl = {http://www.bibsonomy.org/bibtex/2843a267c4756afe786f00a8d61995bf9/unhammer}
}

@inproceedings{rosen2009lpt,
  address = {Utrecht},
  author = {V. Ros{\'e}n and P. Meurer and K. de Smedt},
  booktitle = {Proceedings of {TLT7}},
  editor = {F. Van Eynde and A. Frank and G. van Noord and K. De Smedt},
  interhash = {3d03c206c84798f7de9bbfea8a7a710c},
  intrahash = {b92869903b79d8491d88200aed4006d8},
  pages = {127--133},
  publisher = {LOT},
  title = {{LFG Parsebanker: A Toolkit for Building and Searching a Treebank as a Parsed Corpus}},
  url = {http://ling.uib.no/~desmedt/papers/tlt7rosen-submitted.pdf},
  year = 2009,
  keywords = {LFG Master treebank},
  added-at = {2009-05-19T16:30:45.000+0200},
  description = {Strange licencing: "it can be downloaded as source code [...] Copyright [...] All Rights Reserved" (http://maximos.aksis.uib.no/Aksis-wiki/LFG_Parsebanker_Interface)},
  biburl = {http://www.bibsonomy.org/bibtex/2b92869903b79d8491d88200aed4006d8/unhammer}
}

@misc{desmedt2009dss,
  author = {K. de Smedt},
  interhash = {6f9d40f9e47506f234d699123df9e3b5},
  intrahash = {6c31ddf12b15cf17a45b28f5ad8a9c5e},
  title = {{DASP307 -- Språkvitskapleg skriving. Forelesningsnotater}},
  url = {http://gandalf.uib.no/lingkurs/webroot/index.php?page=academic-writing&course=dasp307},
  year = 2009,
  keywords = {Master writing},
  added-at = {2009-05-19T16:12:50.000+0200},
  biburl = {http://www.bibsonomy.org/bibtex/26c31ddf12b15cf17a45b28f5ad8a9c5e/unhammer}
}

@inproceedings{rosen2007dai,
  address = {Stanford},
  author = {V. Ros{\'e}n and P. Meurer and K. de Smedt},
  booktitle = {Proceedings of the LFG ’07 Conference},
  editor = {M. Butt and T.H. King},
  interhash = {3f6c14a4fc2c5541d5a4d04edb610847},
  intrahash = {b13985aa2afd9b38512e20e61f55353f},
  pages = {397--417},
  publisher = {CSLI Publications},
  title = {{Designing and Implementing Discriminants for LFG Grammars} },
  url = {http://csli-publications.stanford.edu/LFG/12/lfg07.pdf},
  year = 2007,
  keywords = {LFG Master XPAR toread},
  added-at = {2009-05-19T13:58:00.000+0200},
  biburl = {http://www.bibsonomy.org/bibtex/2b13985aa2afd9b38512e20e61f55353f/unhammer}
}

@article{korhonen2003cps,
  author = {A. Korhonen and Y. Krymolowski and Z. Marx},
  booktitle = {Proceedings of the 41st Annual Meeting of the ACL},
  interhash = {708063b191c227d13c996e9482ff39a1},
  intrahash = {dec034b3e97e2c54fec9c5c0408c7f0b},
  pages = {64--71},
  title = {{Clustering Polysemic Subcategorization Frame Distributions Semantically}},
  url = {http://acl.ldc.upenn.edu/P/P03/P03-1009.pdf},
  year = 2003,
  keywords = {Master argument_structure clustering polysemy statistical subcategorization toread},
  added-at = {2009-05-19T13:55:21.000+0200},
  biburl = {http://www.bibsonomy.org/bibtex/2dec034b3e97e2c54fec9c5c0408c7f0b/unhammer}
}

@book{walker1998ctd,
  address = {Oxford},
  editor = {M.A. Walker and A.K. Joshi and E.F. Prince},
  interhash = {cb9f17a2d54445c22977f7b02f726ebd},
  intrahash = {9549fabe26bf59e834aad38b3258bd10},
  publisher = {Clarendon Press},
  title = {{Centering Theory in Discourse}},
  year = 1998,
  keywords = {Master anaphora centering_theory discourse},
  added-at = {2009-05-10T17:42:21.000+0200},
  biburl = {http://www.bibsonomy.org/bibtex/29549fabe26bf59e834aad38b3258bd10/unhammer}
}

@article{navigli2009wsd,
  address = {New York, NY, USA},
  author = {Roberto Navigli},
  interhash = {cec0f0d37b177f2e182608017089ad01},
  intrahash = {113f45fddcbbd9642982dfec4b9dc465},
  journal = {ACM Comput. Surv.},
  number = 2,
  pages = {1--69},
  publisher = {ACM},
  title = {Word sense disambiguation: A survey},
  url = {http://portal.acm.org/citation.cfm?id=1459355},
  volume = 41,
  year = 2009,
  keywords = {Master WSD toread},
  added-at = {2009-05-10T14:16:01.000+0200},
  issn = {0360-0300},
  biburl = {http://www.bibsonomy.org/bibtex/2113f45fddcbbd9642982dfec4b9dc465/unhammer},
  doi = {http://doi.acm.org/10.1145/1459352.1459355}
}

@book{jurafsky2000slp,
  address = {Upper Saddle River, NJ},
  author = {Daniel Saul Jurafsky and James H. Martin},
  edition = 1,
  interhash = {45f2abdc25a62059e784f6dba5d6d7a5},
  intrahash = {ef1bd808828bc1481f8be089a319af35},
  publisher = {Prentice Hall},
  title = {{Speech and Language Processing: An Introduction to Natural Language Processing, Computational Linguistics and Speech Recognition}},
  year = 2000,
  keywords = {AI MT Master NLP},
  added-at = {2009-05-10T12:56:57.000+0200},
  biburl = {http://www.bibsonomy.org/bibtex/2ef1bd808828bc1481f8be089a319af35/unhammer}
}

@phdthesis{maier2009sis,
  author = {Robert M. Maier},
  editor = {Antonella Sorace and Robert J Hartsuiker and Martin J Pickering},
  interhash = {305fa9fe4765c310a65c5cb5ca9d1d41},
  intrahash = {cf7213157daeffc2f993805a6201ed95},
  school = {University of Edinburgh},
  title = {{Structural Interference from the Source Language: A psycholinguistic investigation of syntactic processes in non-professional translation}},
  url = {http://linguistlist.org/issues/20/20-1786.html},
  year = 2009,
  keywords = {Master pri processing psycholinguistics toread translation},
  added-at = {2009-05-10T11:02:11.000+0200},
  description = {the syntactic alignments in your head},
  biburl = {http://www.bibsonomy.org/bibtex/2cf7213157daeffc2f993805a6201ed95/unhammer}
}

@article{lappin1994apa,
  author = {S. Lappin and H.J. Leass},
  interhash = {9be4e33ba42c2b3a9b94f4a795468e5c},
  intrahash = {ecd4280462703f80a869899660c8ec06},
  journal = {Computational Linguistics},
  number = 4,
  pages = {535--561},
  publisher = {MIT Press Cambridge, MA, USA},
  title = {{An algorithm for Pronominal Anaphora Resolution}},
  url = {http://www.ldc.upenn.edu/acl/J/J94/J94-4002.pdf},
  volume = 20,
  year = 1994,
  keywords = {Master anaphora discourse pragmatics semantics toread},
  added-at = {2009-05-09T00:07:08.000+0200},
  biburl = {http://www.bibsonomy.org/bibtex/2ecd4280462703f80a869899660c8ec06/unhammer}
}

@book{lobner2002us,
  address = {New York},
  author = {S. Löbner},
  interhash = {646058c5557211240b676ed138148169},
  intrahash = {3a7d8962f13d992ade8ae97fc090e920},
  publisher = {Oxford University Press },
  title = {{Understanding Semantics}},
  year = 2002,
  keywords = {Master haveread semantics},
  added-at = {2009-05-06T18:02:52.000+0200},
  biburl = {http://www.bibsonomy.org/bibtex/23a7d8962f13d992ade8ae97fc090e920/unhammer}
}

@incollection{lyse2006mst,
  address = {Newcastle upon Tyne, UK},
  author = {Gunn Inger Lyse},
  booktitle = {New Voices in Linguistics},
  editor = {Eva Thue Vold and Gunn Inger Lyse and Anje Müller Gjesdal},
  interhash = {d058edf0336476c4c6267a44aad5f2eb},
  intrahash = {e7a9b350a46790021ad0c75c6eaa68b4},
  pages = {233--246},
  publisher = {Cambridge Scholars Press},
  title = {{Making sense of translations. Translation-based lexical information for Word Sense Disambiguation (WSD)}},
  url = {http://ling.uib.no/~gunn/mesterklasse/Lyse-WSD-Mirrors-2006.pdf},
  year = 2006,
  keywords = {Master WSD WordNet semantics toread},
  added-at = {2009-05-06T10:00:10.000+0200},
  biburl = {http://www.bibsonomy.org/bibtex/2e7a9b350a46790021ad0c75c6eaa68b4/unhammer}
}

@book{fellbaum1998wel,
  address = {Cambridge, MA},
  editor = {Christiane Fellbaum},
  interhash = {42daa1681607dd1d3f3234c605d84ec3},
  intrahash = {8472b4f9d7f2bfc4a97ffd4a023facc6},
  publisher = {MIT Press},
  title = {{WordNet: An Electronic Lexical Database}},
  year = 1998,
  keywords = {Master WordNet},
  added-at = {2009-05-05T16:15:38.000+0200},
  biburl = {http://www.bibsonomy.org/bibtex/28472b4f9d7f2bfc4a97ffd4a023facc6/unhammer}
}

@incollection{mwt2009clear,
  booktitle = {{Merriam-Webster Online Thesaurus}},
  interhash = {c54277bf14678bc29ad543d6ba8a21de},
  intrahash = {d54ee9e7014df2d6313d3699b0fe0681},
  title = {clear},
  url = {http://www.merriam-webster.com/thesaurus/clear},
  year = 2009,
  keywords = {Master dictionary polysemy},
  added-at = {2009-05-05T15:05:36.000+0200},
  lastchecked = {2009-05-05},
  biburl = {http://www.bibsonomy.org/bibtex/2d54ee9e7014df2d6313d3699b0fe0681/unhammer}
}

@article{larson1985bnp,
  author = {R.K. Larson},
  interhash = {a05d7177e570e0b0c8fe00a694ad7a00},
  intrahash = {79a1091c47d497012176dcdf26a62655},
  journal = {Linguistic Inquiry},
  pages = {595--621},
  publisher = {The MIT Press},
  title = {{Bare-NP adverbs}},
  url = {http://www.jstor.org/stable/4178458},
  year = 1985,
  keywords = {GB Master adjuncts argument_structure bare-NP haveread syntax},
  added-at = {2009-05-03T16:53:46.000+0200},
  biburl = {http://www.bibsonomy.org/bibtex/279a1091c47d497012176dcdf26a62655/unhammer}
}

@book{pustejovsky1995gl,
  address = {Cambridge, MA},
  author = {James Pustejovsky},
  interhash = {6a1d0e401aa35577b9ceeaf1dd657934},
  intrahash = {f18ce91894254ec5761339a9c708568d},
  publisher = {MIT Press},
  title = {{The Generative Lexicon}},
  year = 1995,
  keywords = {Master generative haveread lexical_semantics lexicon semantics},
  added-at = {2009-05-03T12:31:35.000+0200},
  biburl = {http://www.bibsonomy.org/bibtex/2f18ce91894254ec5761339a9c708568d/unhammer}
}

@inproceedings{homola2004tml,
  address = {Malta},
  author = {Petr Homola and Vladislav Kubon},
  booktitle = {{9th EAMT Workshop. ``Broadening horizons of machine translation and its applications''}},
  interhash = {ffcbd55d1d65e70869017bb2c8f39d4e},
  intrahash = {a88f42ffb685131c4588408efe2646da},
  organization = {EAMT},
  pages = {90--97},
  publisher = {Foundation for International Studies},
  title = {A translation model for languages of accessing countries},
  url = {http://www.mt-archive.info/EAMT-2004-Homola.pdf},
  year = 2004,
  keywords = {LFG Master apertium haveread shallow_transfer},
  added-at = {2009-05-02T15:48:57.000+0200},
  description = {Great description of an "eclectic" MT system: they first develop for close language pairs within one group, and when they reach the most different pair, they discover that they need syntax, so they make a shallow LFG-based parser _for that pair_.},
  biburl = {http://www.bibsonomy.org/bibtex/2a88f42ffb685131c4588408efe2646da/unhammer}
}

@inproceedings{marcus1994pta,
  address = {Morristown, NJ, USA},
  author = {Mitchell Marcus and Grace Kim and Mary Ann Marcinkiewicz and Robert MacIntyre and Ann Bies and Mark Ferguson and Karen Katz and Britta Schasberger},
  booktitle = {{HLT '94: Proceedings of the workshop on Human Language Technology}},
  interhash = {baa9f0f72be59a37d25ca1181f42ccff},
  intrahash = {7862f1627cbaf5f22e7b479acdd703a9},
  pages = {114--119},
  publisher = {ACL},
  title = {{The Penn Treebank: Annotating Predicate-Argument Structure}},
  url = {http://portal.acm.org/citation.cfm?id=1075835&jmp=cit&coll=GUIDE&dl=GUIDE&CFID=32954598&CFTOKEN=39844723#CIT},
  year = 1994,
  keywords = {Master argument_structure corpus toread},
  added-at = {2009-05-02T15:14:34.000+0200},
  location = {Plainsboro, NJ},
  isbn = {1-55860-357-3},
  biburl = {http://www.bibsonomy.org/bibtex/27862f1627cbaf5f22e7b479acdd703a9/unhammer},
  doi = {http://dx.doi.org/10.3115/1075812.1075835},
  abstract = {The Penn Treebank has recently implemented a new syntactic annotation scheme, designed to highlight aspects of predicate-argument structure. This paper discusses the implementation of crucial aspects of this new annotation scheme. It incorporates a more consistent treatment of a wide range of grammatical phenomena, provides a set of coindexed null elements in what can be thought of as "underlying" position for phenomena such as wh-movement, passive, and the subjects of infinitival constructions, provides some non-context free annotational mechanism to allow the structure of discontinuous constituents to be easily recovered, and allows for a clear, concise tagging system for some semantic roles.}
}

@book{kroeger2004asl,
  address = {Cambridge},
  author = {P. Kroeger},
  interhash = {651f578b0ddd0838243d14babe6a9d70},
  intrahash = {8a64153f96d339a9fce44b27cd348f65},
  publisher = {Cambridge University Press},
  title = {{Analyzing Syntax: a Lexical-Functional Approach}},
  year = 2004,
  keywords = {LFG Master haveread syntax},
  added-at = {2009-05-01T16:02:25.000+0200},
  biburl = {http://www.bibsonomy.org/bibtex/28a64153f96d339a9fce44b27cd348f65/unhammer}
}

@inproceedings{fung2007lbs,
  address = {Skövde, Sweden},
  author = {Pascale Fung and Zhaojun Wu and Yongsheng Yang and Dekai Wu},
  booktitle = {TMI-2007: Proceedings of the 11 th International Conference on Theoretical and Methodological Issues in Machine Translation},
  interhash = {eaa57aa0ad559bc13dcec57565a71cdb},
  intrahash = {26bc9314f085c2e5fbf3ed65ba6d8f26},
  pages = {75--84},
  title = {{Learning Bilingual Semantic Frames: Shallow Semantic Parsing vs. Semantic Role Projection}},
  url = {http://www.mt-archive.info/authors-F.htm},
  year = 2007,
  keywords = {FrameNet Master PropBank alignment argument_structure master pri semantic_roles toread},
  added-at = {2009-05-01T15:56:14.000+0200},
  description = {«We present experimental data ex- 
plaining that this is due to cross- 
lingual mismatches between argu- 
ment structures in English and Chi- 
nese at 17.24% of the time. This 
suggests that, in any potential ap- 
plication to enhance machine trans- 
lation with semantic structural map- 
ping, it may be preferable to em- 
ploy independent automatic seman- 
tic parsers on source and target lan- 
guages, rather than assuming se- 
mantic role parallelism.»},
  biburl = {http://www.bibsonomy.org/bibtex/226bc9314f085c2e5fbf3ed65ba6d8f26/unhammer}
}

@article{bod1992cml,
  author = {R. Bod},
  interhash = {1c23bf9220969e77ee34704c152c76b9},
  intrahash = {f4c5696f56e671cd983a8a39c5e5eb2d},
  journal = {Proceedings of the 14th conference on Computational linguistics-Volume 3},
  pages = {855--859},
  publisher = {ACL Morristown, NJ, USA},
  title = {{A computational model of language performance: Data Oriented Parsing}},
  url = {http://portal.acm.org/citation.cfm?id=993082&dl=},
  year = 1992,
  keywords = {DOP Master parsing statistical},
  added-at = {2009-04-30T16:43:49.000+0200},
  description = {The original...},
  biburl = {http://www.bibsonomy.org/bibtex/2f4c5696f56e671cd983a8a39c5e5eb2d/unhammer}
}

@book{schutze1996ebl,
  address = {Chicago},
  author = {C.T. Sch{\"u}tze},
  interhash = {5bb48ff1cbcb0a86fb4631e8a03f9ba1},
  intrahash = {66ddefc51dddc855f5293bc99ee5f208},
  publisher = {University of Chicago Press},
  title = {{The Empirical Base of Linguistics: Grammaticality Judgments and Linguistic Methodology}},
  year = 1996,
  keywords = {Master grammaticality method philosophy_of_language},
  added-at = {2009-04-29T15:06:47.000+0200},
  biburl = {http://www.bibsonomy.org/bibtex/266ddefc51dddc855f5293bc99ee5f208/unhammer}
}

@inbook{hutchinson1974gt,
  address = {New York},
  author = {L. Hutchinson},
  editor = {D. Cohen},
  interhash = {2ca2f36901837bf9f3a8fa9ae51ff448},
  intrahash = {66c1644a288b5c4b7fd37efbc962e199},
  journal = {Explaining Linguistic Phenomena},
  pages = {46--73},
  publisher = {Wiley},
  title = {{Grammar as theory}},
  year = 1974,
  keywords = {Master grammar linguistics philosophy_of_language},
  added-at = {2009-04-29T15:02:17.000+0200},
  biburl = {http://www.bibsonomy.org/bibtex/266c1644a288b5c4b7fd37efbc962e199/unhammer}
}

@inbook{chomsky1967rsv,
  address = {Englewood Cliffs, N.J.},
  author = {N. Chomsky},
  booktitle = {{Readings in the Psychology of Language}},
  editor = {Leon A. Jakobovits and Murray S. Miron},
  interhash = {6859ac159f62cac6a6a34d97b0373ca9},
  intrahash = {fafcd66d3c147a97e7f768b62c7f5ecc},
  publisher = {Prentice-Hall},
  title = {{A Review of B. F. Skinner's Verbal Behavior}},
  url = {http://www.chomsky.info/articles/1967----.htm},
  year = 1967,
  keywords = {Master behaviorism philosophy_of_language},
  added-at = {2009-04-28T15:13:24.000+0200},
  biburl = {http://www.bibsonomy.org/bibtex/2fafcd66d3c147a97e7f768b62c7f5ecc/unhammer}
}

@inproceedings{dyvik1999ufs,
  author = {H. Dyvik},
  booktitle = {Proceedings of the 4th International Lexical Functional Grammar Conference},
  editor = {M. Butt and T.H. King},
  interhash = {e919f72eb5efb3417c92a3f708717c4a},
  intrahash = {d772d7aa09ff0f5e08e3dc300212b721},
  title = {{The Universality of F-structure: Discovery or Stipulation? The Case of Modals}},
  url = {http://csli-publications.stanford.edu/LFG/4/dyvik/lfg99-dyvik.html},
  year = 1999,
  keywords = {LFG Master haveread modals syntax typology universals},
  added-at = {2009-04-27T21:36:01.000+0200},
  biburl = {http://www.bibsonomy.org/bibtex/2d772d7aa09ff0f5e08e3dc300212b721/unhammer}
}

@article{pado2007tec,
  author = {S. Pad{\'o} and G. Saarbr{\"u}cken},
  interhash = {6d9d7c57526509c6e35c3a58df50b874},
  intrahash = {8239dd764d26c5ecd73cbfb4b3d69d3c},
  journal = {FRAME 2007: Building Frame Semantics Resources for Scandinavian and Baltic Languages},
  pages = 39,
  title = {{Translational Equivalence and Cross-lingual Parallelism: The Case of FrameNet Frames}},
  url = {http://nlp.cs.lth.se/frame2007/Proceedings/Frame07_final_print.pdf#page=45},
  year = 2007,
  keywords = {FrameNet Master divergences parallel pri toread translation typology},
  added-at = {2009-04-27T16:24:34.000+0200},
  biburl = {http://www.bibsonomy.org/bibtex/28239dd764d26c5ecd73cbfb4b3d69d3c/unhammer}
}

@book{fought1999lb,
  address = {London},
  author = {J.G. Fought},
  interhash = {62a2c3c0bc6578dcffe73dc032e5a0b4},
  intrahash = {a28a84e72a22f3e37dc204781f4bcbda},
  publisher = {Routledge},
  title = {{Leonard Bloomfield}},
  year = 1999,
  keywords = {master structuralism},
  added-at = {2009-04-26T21:36:32.000+0200},
  biburl = {http://www.bibsonomy.org/bibtex/2a28a84e72a22f3e37dc204781f4bcbda/unhammer}
}

@inbook{scholz2006ine,
  address = {Oxford},
  author = {B.C. Scholz and G.K. Pullum},
  chapter = 4,
  editor = {Rob J. Stainton},
  interhash = {d8d84f4baa8f988d751141373360a9ec},
  intrahash = {576d8e05b267bf13898cbce3de9bdf36},
  journal = {Contemporary Debates in Cognitive Science},
  pages = {59--80},
  publisher = {Basil Blackwell},
  title = {{Irrational Nativist Exuberance}},
  url = {http://ling.ed.ac.uk/~gpullum/bcscholz/Exuberance.pdf},
  year = 2005,
  keywords = {Chomsky Master UG language_acquisition toread},
  added-at = {2009-04-26T16:34:51.000+0200},
  biburl = {http://www.bibsonomy.org/bibtex/2576d8e05b267bf13898cbce3de9bdf36/unhammer},
  month = {April}
}

@book{chomsky1986kln,
  address = {New York},
  author = {N. Chomsky},
  interhash = {b10f344accaa8197931b3031037706bd},
  intrahash = {7250a54979cd75281e723908d416db64},
  publisher = {Praeger},
  title = {{Knowledge of Language: Its Nature, Origin, and Use}},
  year = 1986,
  keywords = {Master philosophy_of_language syntax},
  added-at = {2009-04-26T16:32:44.000+0200},
  biburl = {http://www.bibsonomy.org/bibtex/27250a54979cd75281e723908d416db64/unhammer}
}

@book{baayen2008ald,
  author = {H. Baayen},
  interhash = {de881d5e353e75563405cd331f56ee19},
  intrahash = {9e5be78d677c9923d5c8c61f12905cab},
  publisher = {Cambridge University Press},
  title = {{Analyzing linguistic data: A practical introduction to statistics using R}},
  year = 2008,
  keywords = {Master R corpus statistical},
  added-at = {2009-04-24T15:19:25.000+0200},
  biburl = {http://www.bibsonomy.org/bibtex/29e5be78d677c9923d5c8c61f12905cab/unhammer}
}

@misc{xpar2008rcn,
  author = {{XPar}},
  interhash = {f57470bdb6a541a32c3288f62b97af61},
  intrahash = {1723a6f2e05975afaf0d327611c99d8e},
  note = {{Submitted to the Research Council of Norway.}},
  title = {{XPAR: Language diversity and parallel grammars}},
  year = 2008,
  keywords = {Dutch Georgian Master Norwegian Tigrinya XPAR alignment corpus parallel},
  added-at = {2009-04-24T10:48:34.000+0200},
  description = {Project description},
  biburl = {http://www.bibsonomy.org/bibtex/21723a6f2e05975afaf0d327611c99d8e/unhammer}
}

@incollection{rosen2000nns,
  address = {Oslo},
  author = {Victoria Rosén},
  booktitle = {{Menneske, språk og fellesskap. Festskrift til Kirsti Koch Christensen på 60-årsdagen 1. desember 2000}},
  editor = {{\O{}. Andersen} and K. Fl\o{}ttum and T. Kinn},
  interhash = {503a70cbb5f662b66eee574b6eeb3bec},
  intrahash = {9f7ca16500a533e5a8a89618399c592b},
  pages = {157--174},
  publisher = {Novus Forlag},
  title = {{Er norsk et naturlig språk?}},
  year = 2000,
  keywords = {Master Norwegian},
  added-at = {2009-04-23T13:36:22.000+0200},
  biburl = {http://www.bibsonomy.org/bibtex/29f7ca16500a533e5a8a89618399c592b/unhammer}
}

@book{wittgenstein1953pi,
  address = {Oxford},
  author = {Ludwig Wittgenstein},
  interhash = {ff9819fd63cca58a28b07e6c46e83050},
  intrahash = {b4d2e81ab3f24192708770d7eecb925b},
  key = {Wittgenstein},
  note = {Translated by G.E.M. Anscombe},
  publisher = {Blackwell},
  title = {Philosophical Investigations},
  year = 1953,
  keywords = {Master philosophy_of_language},
  added-at = {2009-04-23T11:47:26.000+0200},
  biburl = {http://www.bibsonomy.org/bibtex/2b4d2e81ab3f24192708770d7eecb925b/unhammer}
}

@inbook{farwell2008iam,
  address = {Berlin},
  author = {D. Farwell and S. Helmreich and B. Dorr and R. Green and F. Reeder and K. Miller and L. Levin and T. Mitamura and E. Hovy and O. Rambow and N. Habash and A. Siddharthan},
  booktitle = {Multilingual FrameNets in Computational Lexicography : Methods and Applications},
  interhash = {93aca6ea4f033987276f5e98acf53708},
  intrahash = {746c269e2f0d617afb3e84409b55c833},
  publisher = {Moutin de Gruyter },
  title = {{Interlingual Annotation of Multilingual Text Corpora and FrameNet}},
  url = {ftp://ftp.umiacs.umd.edu/pub/bonnie/IAMTC-FrameNet.pdf},
  year = 2008,
  keywords = {FrameNet Master divergences haveread pragmatics translation},
  added-at = {2009-04-23T11:42:18.000+0200},
  description = {LING307},
  biburl = {http://www.bibsonomy.org/bibtex/2746c269e2f0d617afb3e84409b55c833/unhammer}
}

@inbook{dyvik1998tbs,
  address = {Amsterdam / Atlanta},
  author = {H. Dyvik},
  chapter = 3,
  editor = {S. Johansson and S. Oksefjell},
  interhash = {23d95e784b7c7073e1b060507a81f1d4},
  intrahash = {401e6648f10a363aa2ca9131f64473ff},
  journal = {Corpora and Cross-linguistic Research: Theory, Method and Case Studies},
  pages = {51--86},
  publisher = {Rodopi},
  title = {{A Translational Basis for Semantics}},
  url = {http://www.hf.uib.no/i/LiLi/SLF/ans/Dyvik/transem.html},
  year = 1998,
  keywords = {Master haveread semantics translation},
  added-at = {2009-04-23T11:41:02.000+0200},
  biburl = {http://www.bibsonomy.org/bibtex/2401e6648f10a363aa2ca9131f64473ff/unhammer}
}

@inproceedings{butt2002pgp,
  address = {Morristown, NJ},
  author = {M. Butt and H. Dyvik and T.H. King and H. Masuichi and C. Rohrer},
  booktitle = {{COLING-02 on Grammar engineering and evaluation}},
  interhash = {997d2c029201d46b2a2b80eb8e122e19},
  intrahash = {a4b73772c70a02b9b6f0efa5b833f272},
  organization = {{International Conference on Computational Linguistics}},
  pages = {1--7},
  publisher = {{ACL}},
  title = {{The Parallel Grammar Project}},
  url = {http://portal.acm.org/citation.cfm?id=1118783.1118786},
  volume = 15,
  year = 2002,
  keywords = {Master toread},
  added-at = {2009-04-23T11:39:30.000+0200},
  biburl = {http://www.bibsonomy.org/bibtex/2a4b73772c70a02b9b6f0efa5b833f272/unhammer}
}

@article{dorr1994mtd,
  author = {B.J. Dorr},
  interhash = {e8676b5bb4934cdca298d5434bfa6bb6},
  intrahash = {2bdad7b48676b65c36b91ddab7218ce6},
  journal = {Computational Linguistics},
  number = 4,
  pages = {597--633},
  publisher = {MIT Press Cambridge, MA, USA},
  title = {{Machine translation divergences: A formal description and proposed solution}},
  url = {ftp://ftp.umiacs.umd.edu/pub/bonnie/jacl94.pdf},
  volume = 20,
  year = 1994,
  keywords = {LCS LFG MT Master alignment haveread semantics translation},
  added-at = {2009-04-23T11:37:38.000+0200},
  biburl = {http://www.bibsonomy.org/bibtex/22bdad7b48676b65c36b91ddab7218ce6/unhammer}
}

@inproceedings{kaplan1993rcb,
  author = {R.M. Kaplan and J. Wedekind},
  booktitle = {{Proceedings of the Sixth European Conference of the ACL}},
  interhash = {909303dc1d4dcbe3ba890e823b888e4d},
  intrahash = {665ee0a9a5b03489bc89da834f9c4070},
  pages = {193--202},
  title = {{Restriction and correspondence-based translation}},
  url = {http://acl.ldc.upenn.edu/E/e93/E93-1024.pdf},
  year = 1993,
  keywords = {LFG MT Master complex_predicates divergences haveread transfer},
  added-at = {2009-04-23T11:36:05.000+0200},
  biburl = {http://www.bibsonomy.org/bibtex/2665ee0a9a5b03489bc89da834f9c4070/unhammer}
}

@book{bresnan2001lfs,
  address = {Oxford, UK},
  author = {Joan Bresnan},
  interhash = {b73d0a8aacc46c493cc008bd0f52c0a1},
  intrahash = {0d51ad34e62cc0f1f135ef138cc9d82a},
  note = {ISBN: 0631209743},
  publisher = {Blackwell Publishers},
  title = {{Lexical-Functional Syntax}},
  url = {http://books.google.com/books?id=7elu0CcxQWkC},
  year = 2001,
  keywords = {LFG Master grammar syntax},
  added-at = {2009-04-21T15:58:30.000+0200},
  biburl = {http://www.bibsonomy.org/bibtex/20d51ad34e62cc0f1f135ef138cc9d82a/unhammer}
}

@book{crawley2005siu,
  address = {Chichester},
  author = {M.J. Crawley},
  interhash = {3af62352d89b2f85915d4e6a632d6100},
  intrahash = {a58c78e9561407edd2a3341cccb0c60a},
  publisher = {Wiley},
  title = {{Statistics: an introduction using R}},
  year = 2005,
  keywords = {Master R statistical},
  added-at = {2009-04-17T16:13:15.000+0200},
  biburl = {http://www.bibsonomy.org/bibtex/2a58c78e9561407edd2a3341cccb0c60a/unhammer}
}

@inproceedings{rambow2006psa,
  address = {Genoa, Italy},
  author = {O. Rambow and B. Dorr and D. Farwell and R. Green and N. Habash and S. Helmreich and E. Hovy and L. Levin and K. Miller and T. Mitamura and F. Reeder and A. Siddharthan},
  booktitle = {Proceedings of the International Conference on Language Resources and Evaluation},
  interhash = {47a19150c88fafdede5e5e0bbcd588d9},
  intrahash = {bbb742da71193794946ad92e6cc1286d},
  pages = {559--564},
  title = {{Parallel Syntactic Annotation of Multiple Languages}},
  url = {http://www.umiacs.umd.edu/~bonnie/publications.html},
  year = 2006,
  keywords = {Master alignment annotation divergences interlingua parallel toread treebank},
  added-at = {2009-04-15T11:01:54.000+0200},
  biburl = {http://www.bibsonomy.org/bibtex/2bbb742da71193794946ad92e6cc1286d/unhammer}
}

@book{trujillo1999tet,
  address = {London},
  author = {Arturo Trujillo},
  interhash = {47dedc5ea6fa097c03d42bbd56705fce},
  intrahash = {b3f419326ca4c8ab96b58084ad5ce311},
  publisher = {Springer},
  series = {Applied Computing},
  title = {Translation engines: techniques for machine translation},
  url = {http://www.worldcat.org/search?qt=worldcat_org_all&q=1852330570},
  year = 1999,
  keywords = {MT Master divergences toread},
  added-at = {2009-04-11T19:08:04.000+0200},
  issn = {1852330570  9781852330576},
  biburl = {http://www.bibsonomy.org/bibtex/2b3f419326ca4c8ab96b58084ad5ce311/unhammer},
  refid = {41612451}
}

@inproceedings{hwa2001etc,
  address = {Morristown, NJ, USA},
  author = {Rebecca Hwa and Philip Resnik and Amy Weinberg and Okan Kolak},
  booktitle = {ACL '02: Proceedings of the 40th Annual Meeting on ACL},
  interhash = {c1192c44157a5fba5869d30bd446d5ac},
  intrahash = {2de7dd31379cd4d956d20effd401be9f},
  pages = {392--399},
  publisher = {ACL},
  title = {Evaluating translational correspondence using annotation projection},
  url = {http://portal.acm.org/citation.cfm?doid=1073083.1073149},
  year = 2001,
  keywords = {Chinese DG English Master alignment dependency divergences toread translation},
  added-at = {2009-04-11T18:51:42.000+0200},
  location = {Philadelphia, Pennsylvania},
  description = {Evaluating translational correspondence using annotation projection},
  biburl = {http://www.bibsonomy.org/bibtex/22de7dd31379cd4d956d20effd401be9f/unhammer},
  doi = {http://dx.doi.org/10.3115/1073083.1073149},
  abstract = {Recently, statistical machine translation models have begun to take advantage of higher level linguistic structures such as syntactic dependencies. Underlying these models is an assumption about the directness of translational correspondence between sentences in the two languages; however, the extent to which this assumption is valid and useful is not well understood. In this paper, we present an empirical study that quantifies the degree to which syntactic dependencies are preserved when parses are projected directly from English to Chinese. Our results show that although the direct correspondence assumption is often too restrictive, a small set of principled, elementary linguistic transformations can boost the quality of the projected Chinese parses by 76% relative to the unimproved baseline.}
}

@article{han2000hsd,
  author = {Chung hye Han and Benoit Lavoie and Martha Palmer and Owen Rambow and Richard Kittredge and Tanya Korelsky and Nari Kim and Myunghee Kim},
  interhash = {16c08471caffa947e104f62c1fca15d9},
  intrahash = {be91ff9367bed0e23168943cdb2335a5},
  journal = {Envisioning Machine Translation in the Information Future},
  pages = {168--176},
  title = {Handling Structural Divergences and Recovering Dropped Arguments in a Korean/English Machine Translation System},
  url = {http://dx.doi.org/10.1007/3-540-39965-8_5},
  year = 2000,
  keywords = {MT Master alignment divergences toread},
  added-at = {2009-04-11T18:51:13.000+0200},
  biburl = {http://www.bibsonomy.org/bibtex/2be91ff9367bed0e23168943cdb2335a5/unhammer},
  abstract = {This paper describes an approach for handling structural divergences and recovering dropped arguments in an implemented Korean
to English machine translation system. The approach relies on canonical predicate-argument structures (or dependency structures),which provide a suitable pivot representation for the handling of structural divergences and the recovery of dropped arguments.It can also be converted to and from the interface representations of many off-the-shelf parsers and generators.}
}

@book{beesley2003fsm,
  address = {Stanford, Calif.},
  author = {Kenneth R. Beesley and Lauri Karttunen},
  interhash = {e74d27af6744e7a386abd0538dd05b3a},
  intrahash = {d157c31e4bd5b10d2ed0b1f534615fda},
  pages = {XVIII, 509 s.},
  publisher = {CSLI Publications},
  title = {Finite state morphology},
  year = 2003,
  keywords = {FST Master apertium morphology pri toread},
  added-at = {2009-03-26T18:54:30.000+0100},
  description = {Helsinki/Stuttgart/Xerox Finite State Tools},
  isbn = {1-57586-433-9},
  biburl = {http://www.bibsonomy.org/bibtex/2d157c31e4bd5b10d2ed0b1f534615fda/unhammer}
}

@article{tyers2009acd,
  author = {Francis M. Tyers and Kevin Donnelly},
  interhash = {831fde70adaf1d551beb2e3d6077a6cf},
  intrahash = {70e0c063e014192638d7444ecd9d12a4},
  journal = {The Prague Bulletin of Mathematical Linguistics},
  number = 91,
  pages = {57--66},
  title = {{apertium-cy - a collaboratively-developed free RBMT system for Welsh to English}},
  url = {http://wiki.apertium.org/wiki/Publications},
  year = 2009,
  keywords = {English MT Master NLP RMBT Welsh academic_freedom haveread open_source shallow_transfer transfer},
  added-at = {2009-03-16T10:09:18.000+0100},
  description = {Me like.},
  biburl = {http://www.bibsonomy.org/bibtex/270e0c063e014192638d7444ecd9d12a4/unhammer},
  abstract = {apertium-cy (http://www.cymraeg.org.uk) is a rule-based “gisting” machine translation sys- 
tem for Welsh to English, with both engine and data released under the GPL. We summarise the devel- 
opment of apertium-cy, evaluate its output, and discuss the advantages of a collaborative development 
model combined with rule-based MT for marginalised languages. 
}
}

@article{pullum2001dbm,
  author = {G.K. Pullum and B.C. Scholz},
  interhash = {00b7e58cd97ed1360245cce4f967ef47},
  intrahash = {733d16706645dda52cc85fc5ce14212b},
  journal = {Logical Aspects of Computational Linguistics: 4th International Conference, Lacl 2001, Le Croisic, France, June 27-29, 2001, Proceedings},
  publisher = {Springer},
  title = {{On the Distinction between Model-Theoretic and Generative-Enumerative Syntactic Frameworks}},
  url = {http://portal.acm.org/citation.cfm?id=645668.665062},
  year = 2001,
  keywords = {GES MTS Master generative grammar haveread logic model_theory syntax},
  added-at = {2009-02-27T14:07:16.000+0100},
  description = {Great article (just skip the part about probabilistic grammars)},
  biburl = {http://www.bibsonomy.org/bibtex/2733d16706645dda52cc85fc5ce14212b/unhammer}
}

@article{kruijffkorbayova2006agc,
  author = {I. Kruijff-Korbayova and K. Chvatalova and O. Postolache},
  booktitle = {Proceedings of the 5th International Conference on Language Resources and Evaluation (LREC 2006)},
  interhash = {759d315f29cde4e061fa69d1fd232031},
  intrahash = {1a1a30d761e732f4742d193280aa5ae9},
  pages = {1256--1261},
  title = {{Annotation guidelines for Czech-English word alignment}},
  url = {http://www.mt-archive.info/LREC-2006-Kruijff.pdf},
  year = 2006,
  keywords = {Czech English Master alignment annotation corpus manual toread},
  added-at = {2009-02-27T14:06:21.000+0100},
  description = {«we describe problematic cases where more than one alignment approach seems appealing, depending on whether one focuses on semantic vs. lexical/syntactic correspondence»},
  biburl = {http://www.bibsonomy.org/bibtex/21a1a30d761e732f4742d193280aa5ae9/unhammer}
}

@article{cheung2002scg,
  author = {L. Cheung and T. Lai and R. Luk and O.Y. Kwong and K.K. Sin and B.K. Tsou and H. Hom and H.K. Kowloon},
  booktitle = {Proceedings of the first SIGHAN workshop on Chinese language processing-Volume 18},
  interhash = {cc366d1b4cab27d1ed43e29e05a49da1},
  intrahash = {5082820093ff5a1cadab30e37256a463},
  organization = {ACL Morristown, NJ, USA},
  pages = {1--5},
  title = {{Some Considerations on Guidelines for Bilingual Alignment and Terminology Extraction}},
  url = {http://www.aclweb.org/anthology-new///W/W02/W02-1802.pdf },
  year = 2002,
  keywords = {Master alignment corpus lexical_semantics manual terminology toread},
  added-at = {2009-02-27T14:05:40.000+0100},
  description = {Discontinuous Units, Noun->Verb shifts, paraphrasing and circumlocution in translated senteces.},
  biburl = {http://www.bibsonomy.org/bibtex/25082820093ff5a1cadab30e37256a463/unhammer}
}

@article{giegerich2006aea,
  author = {H.J. Giegerich},
  interhash = {8419e1d15dc1cf56b54f8190594b4e9c},
  intrahash = {54ce1f1154d2297e64e654ff6af29288},
  journal = {Englisch in Zeit und Raum-English in Time and Space: Forschungsbericht f{\"u}r Klaus Faiss. Trier: Wissenschaftlicher Verlag Trier},
  title = {{Attribution in English and the distinction between phrases and compounds'}},
  url = {http://www.englang.ed.ac.uk/people/attributioninenglish.pdf },
  year = 2006,
  keywords = {English Master compound phrase syntax toread},
  added-at = {2009-02-27T14:05:01.000+0100},
  description = {«Leading Anglists of many 
generations have attempted (and ultimately failed) to draw a sharp divide between compound and phrase: 
Koziol (1937), Jespersen (1942), Marchand (1969), Faiβ  (1981), Bauer (1987, 1998), Liberman and 
Sproat (1992), Olsen (2000, 2001) – to name just a few.»},
  biburl = {http://www.bibsonomy.org/bibtex/254ce1f1154d2297e64e654ff6af29288/unhammer}
}

@article{pedersen2008enm,
  author = {T. Pedersen},
  interhash = {218df807578c3185dbad992aa55c3bd8},
  intrahash = {00b2deb24c33e710583eb627ac8cf227},
  journal = {Computational Linguistics},
  number = 3,
  pages = {465--470},
  publisher = {MIT Press},
  title = {{Empiricism Is Not a Matter of Faith}},
  url = {http://www.d.umn.edu/~tpederse/Pubs/pedersen-last-word-2008.pdf},
  volume = 34,
  year = 2008,
  keywords = {LINGMET Master academic_freedom documentation linguistics open_source philosophy_of_science reproducible_research},
  added-at = {2009-02-22T17:24:28.000+0100},
  description = {«as a community we accept that our publications don’t provide enough space to describe our elaborate 21st century 
empirical methods in sufﬁcient detail to allow for re-implementation and reproduction of results» -- spot on.},
  biburl = {http://www.bibsonomy.org/bibtex/200b2deb24c33e710583eb627ac8cf227/unhammer}
}

@article{munday1998caa,
  author = {J. Munday},
  interhash = {2fd393d03a3dfe63b83dba7f285ae443},
  intrahash = {c9f45c6c4f8680bc78172654f0801bb7},
  journal = {Meta},
  number = 4,
  pages = {542--556},
  publisher = {{\'E}rudit},
  title = {{A Computer-assisted Approach to the Analysis of Translation Shifts}},
  volume = 43,
  year = 1998,
  keywords = {Master corpus toread translation translation-shift},
  added-at = {2009-02-12T12:55:12.000+0100},
  biburl = {http://www.bibsonomy.org/bibtex/2c9f45c6c4f8680bc78172654f0801bb7/unhammer}
}

@misc{thunes2003eal,
  author = {M. Thunes},
  interhash = {176e0729cd1af50054dbf548b4ccaa03},
  intrahash = {a645d5eb6d08bbcea9f611090852a82b},
  title = {{Ekserpering av leksikalske oversettelsekorrespondanser fra parallelltekst}},
  url = {http://www.hf.uib.no/i/LiLi/SLF/ans/Dyvik/marthaex.pdf},
  year = 2003,
  keywords = {Master XPAR haveread parallel semantics translation},
  added-at = {2009-02-10T14:51:37.000+0100},
  biburl = {http://www.bibsonomy.org/bibtex/2a645d5eb6d08bbcea9f611090852a82b/unhammer}
}

@article{lorscher1996pat,
  address = {(Montr{\'e}al)},
  author = {W. L{\"o}rscher},
  interhash = {c6114893dfc84cc4e06bd17300aa553a},
  intrahash = {3ef188aa516fcaf3537318d79e9990df},
  journal = {Meta},
  number = 1,
  pages = {26--32},
  publisher = {Presses de l'Universit{\'e} de Montr{\'e}al},
  title = {{A psycholinguistic analysis of translation processes}},
  volume = 41,
  year = 1996,
  keywords = {Master processing psycholinguistics toread translation},
  added-at = {2009-02-10T14:27:19.000+0100},
  biburl = {http://www.bibsonomy.org/bibtex/23ef188aa516fcaf3537318d79e9990df/unhammer}
}

@manual{R,
  address = {Vienna, Austria},
  author = {{R Development Core Team}},
  interhash = {a2c9644acd54055dc3f6255bf3dafb46},
  intrahash = {0c1a65a9abd6b20f88be419ed8df5ba0},
  note = {{ISBN} 3-900051-07-0},
  organization = {R Foundation for Statistical Computing},
  title = {{R: A Language and Environment for Statistical Computing}},
  url = {http://www.R-project.org},
  year = 2008,
  keywords = {Master R programming statistical},
  added-at = {2009-02-09T09:28:04.000+0100},
  biburl = {http://www.bibsonomy.org/bibtex/20c1a65a9abd6b20f88be419ed8df5ba0/unhammer}
}

@inproceedings{kupiec1993afn,
  address = {Morristown, NJ, USA},
  author = {Julian Kupiec},
  booktitle = {Proceedings of the 31st annual meeting on ACL},
  interhash = {e932d7de0e6b8af359c5b50c278617f8},
  intrahash = {ea094dd45309931ca7c6d85dee627504},
  pages = {17--22},
  publisher = {ACL},
  title = {An algorithm for finding noun phrase correspondences in bilingual corpora},
  url = {http://portal.acm.org/citation.cfm?id=981577&dl=GUIDE,},
  year = 1993,
  keywords = {Master NP XPAR alignment corpus toread},
  added-at = {2009-02-05T21:11:42.000+0100},
  location = {Columbus, Ohio},
  description = {Compares with Gale&Church 91, Smadja 92; but this uses "iterative re-estimation" on FST-tagged NP's. "enable correct correspondences to be made in circumstances where numerous low frequency phrases are involved ... in large text corpora roughly a third of the word types occur only once"},
  biburl = {http://www.bibsonomy.org/bibtex/2ea094dd45309931ca7c6d85dee627504/unhammer},
  doi = {http://dx.doi.org/10.3115/981574.981577},
  abstract = {The paper describes an algorithm that employs English and French text taggers to associate noun phrases in an aligned bilingual corpus. The taggers provide part-of-speech categories which are used by finite-state recognizers to extract simple noun phrases for both languages. Noun phrases are then mapped to each other using an iterative re-estimation algorithm that bears similarities to the Baum-Welch algorithm which is used for training the taggers. The algorithm provides an alternative to other approaches for finding word correspondences, with the advantage that linguistic structure is incorporated. Improvements to the basic algorithm are described, which enable context to be accounted for when constructing the noun phrase mappings.}
}

@misc{iln2007okt,
  address = {Oslo},
  author = { Tekstlaboratoriet},
  interhash = {b35eceb4edd2f3db092cfd7b50bbbfde},
  intrahash = {6283b23b283ae5625c2149a865b2d9ec},
  publisher = {Universitetet i Oslo},
  title = {Oslo-korpuset av taggede norske tekster},
  url = {http://www.tekstlab.uio.no/norsk/nynorsk/index.html},
  year = 2007,
  keywords = {LING305 Master Norwegian corpus},
  added-at = {2008-11-27T12:52:24.000+0100},
  biburl = {http://www.bibsonomy.org/bibtex/26283b23b283ae5625c2149a865b2d9ec/unhammer}
}

@unpublished{meurer2008cgg,
  author = {Paul Meurer},
  institution = {Aksis, UNIFOB, University of Bergen},
  interhash = {de385b46ca7c0a63384c9938555aab06},
  intrahash = {b30cadf632645b0e9c5ca8c940560324},
  title = {{A Computational Grammar for Georgian}},
  url = {http://maximos.aksis.uib.no/~paul/articles/Tbilisi2007-LNAI.pdf},
  year = 2008,
  keywords = {FST Georgian LFG Master XLE XPAR grammar haveread treebank},
  added-at = {2008-11-20T11:46:34.000+0100},
  biburl = {http://www.bibsonomy.org/bibtex/2b30cadf632645b0e9c5ca8c940560324/unhammer},
  month = {March}
}

@inbook{riezler2006gmt,
  address = {Stanford, CA},
  author = {Stefan Riezler and John Maxwell},
  booktitle = {{Intelligent Linguistic Architecture: Variations on themes by Ronald M. Kaplan}},
  chapter = 3,
  editor = {Miriam Butt and Mary Dalrymple and Tracy Holloway King},
  interhash = {f754b48f94005622e8f6ba736c819ab8},
  intrahash = {ee23ec8a90c4012a4b8f3b5062f283aa},
  pages = {35--52},
  publisher = {CSLI Publications},
  title = {{Grammatical Machine Translation}},
  url = {http://www.parc.com/research/publications/details.php?id=5675},
  year = 2006,
  keywords = {LFG Master PBSMT Transfer alignment},
  added-at = {2008-11-20T11:44:58.000+0100},
  biburl = {http://www.bibsonomy.org/bibtex/2ee23ec8a90c4012a4b8f3b5062f283aa/unhammer}
}

@inproceedings{hearne2008ccd,
  address = {Avignon, France},
  author = {M. Hearne and S. Ozdowska and J. Tinsley},
  booktitle = {{TALN '08}},
  interhash = {e608106c000602a2633282e354d4d48a},
  intrahash = {abbf4813bdc1e228fe55753dbf1d5f49},
  title = {{Comparing Constituency and Dependency Representations for SMT Phrase-Extraction}},
  url = {http://www.computing.dcu.ie/~mhearne/publications.html},
  year = 2008,
  keywords = {DG MT Master PBSMT alignment dependency haveread statistical treebank},
  added-at = {2008-11-20T11:44:07.000+0100},
  biburl = {http://www.bibsonomy.org/bibtex/2abbf4813bdc1e228fe55753dbf1d5f49/unhammer}
}

@inproceedings{koehn2003spb,
  address = {Morristown, NJ, USA},
  author = {P. Koehn and F.J. Och and D. Marcu},
  booktitle = {{NAACL '03: Proceedings of the 2003 Conference of the North American Chapter of the ACL on Human Language Technology}},
  interhash = {2c2a74e4a5a79ab9b2d09caa87e93a4c},
  intrahash = {5637e377d050bf7cd75965d2a7997a06},
  organization = {ACL},
  pages = {48--54},
  title = {{Statistical phrase-based translation}},
  url = {http://www.iccs.inf.ed.ac.uk/~pkoehn/publications/phrase2003.pdf},
  year = 2003,
  keywords = {MT Master PBSMT alignment haveread statistical},
  added-at = {2008-11-20T11:43:07.000+0100},
  biburl = {http://www.bibsonomy.org/bibtex/25637e377d050bf7cd75965d2a7997a06/unhammer}
}

@article{brown1993msm,
  author = {Peter F. Brown and Stephen A. {Della Pietra} and Vincent J. {Della Pietra} and Robert L. Mercer},
  interhash = {eba97737fa5a0e3887daaa41260afb30},
  intrahash = {4d328348b40ce3e139de22b0d1a6dcaf},
  journal = {Computational Linguistics},
  number = 2,
  pages = {263--311},
  title = {The Mathematics of Statistical Machine Translation: {P}arameter Estimation},
  url = {http://citeseerx.ist.psu.edu/viewdoc/summary?doi=10.1.1.13.8919},
  volume = 19,
  year = 1993,
  keywords = {EM MT Master alignment mathematics statistical},
  added-at = {2008-11-20T11:41:32.000+0100},
  biburl = {http://www.bibsonomy.org/bibtex/24d328348b40ce3e139de22b0d1a6dcaf/unhammer}
}

@inproceedings{samuelsson2006pap,
  address = {Prague},
  author = {Y. Samuelsson and M. Volk},
  booktitle = {{Proceedings of Treebanks and Linguistic Theories (TLT '06)}},
  interhash = {a0c66e37ad933800de24074ee318a7cc},
  intrahash = {10ed3ee27f01459943dcfb9275b354d3},
  title = {{Phrase Alignment in Parallel Treebanks}},
  url = {http://ling16.ling.su.se:8080/new_PubDB/doc_repository/229_align.pdf},
  year = 2006,
  keywords = {Master alignment corpus haveread treebank},
  added-at = {2008-11-20T11:37:44.000+0100},
  biburl = {http://www.bibsonomy.org/bibtex/210ed3ee27f01459943dcfb9275b354d3/unhammer}
}

@inproceedings{piao2001mwu,
  address = {Lancaster, UK},
  author = {S.S. Piao and T. McEnery},
  booktitle = {{Proceedings of the Corpus Linguistics 2001 Conference}},
  editor = {Paul Rayson and Andrew Wilson and Tony McEnery and Andrew Hardie and Shereen Khoja},
  interhash = {62c9103fd354f52b0728c29c343d4ab1},
  intrahash = {a65dc63852291f70f8e580fd103709ce},
  pages = {466--475},
  title = {{Multi-word Unit Alignment in English-Chinese Parallel Corpora}},
  url = {http://personalpages.manchester.ac.uk/staff/scott.piao/research/papers/mwu_align4.pdf},
  year = 2001,
  keywords = {Chinese English Master alignment corpus pri toread},
  added-at = {2008-11-20T11:36:55.000+0100},
  description = {Early methods for phrase alignment},
  biburl = {http://www.bibsonomy.org/bibtex/2a65dc63852291f70f8e580fd103709ce/unhammer}
}

@inproceedings{tinsley2007ept,
  address = {Bergen, Norway},
  author = {J. Tinsley and M. Hearne and A. Way},
  booktitle = {{Proceedings of Treebanks and Linguistic Theories (TLT '07)}},
  interhash = {75bb398e94a2cbb0c8d965d979be0c37},
  intrahash = {213ca6f5e876c79ea8e3bdda784c6170},
  title = {{Exploiting Parallel Treebanks to Improve Phrase-Based Statistical Machine Translation}},
  year = 2007,
  keywords = {MTS Master PBSMT alignment haveread statistical treebank},
  added-at = {2008-11-20T11:30:15.000+0100},
  biburl = {http://www.bibsonomy.org/bibtex/2213ca6f5e876c79ea8e3bdda784c6170/unhammer}
}

@inproceedings{samuelsson2007apa,
  address = {Bergen, Norway},
  author = {Y. Samuelsson and M. Volk},
  booktitle = {{Proceedings of Treebanks and Linguistic Theories (TLT '07)}},
  interhash = {7331861fceb9798e8fafca725602c05a},
  intrahash = {2900500ffe841190abff885bd1cc595f},
  title = {{Automatic Phrase Alignment: Using Statistical N-Gram Alignment for Syntactic Phrase Alignment}},
  year = 2007,
  keywords = {Master XPAR alignment haveread statistical syntax},
  added-at = {2008-11-20T11:28:22.000+0100},
  biburl = {http://www.bibsonomy.org/bibtex/22900500ffe841190abff885bd1cc595f/unhammer}
}

@inproceedings{charniak2003sbl,
  author = {Eugene Charniak and Kevin Knight and Kenji Yamada},
  booktitle = {MT Summit IX. Intl. Assoc. for Machine Translation},
  interhash = {874e61dcfffad1d194ddb9ce12260997},
  intrahash = {92aea5536fb37443fb4743504b75e35c},
  title = {Syntax-based language models for statistical machine translation},
  year = 2003,
  keywords = {Master PBSMT evaluation pri},
  added-at = {2008-11-02T14:56:46.000+0100},
  biburl = {http://www.bibsonomy.org/bibtex/292aea5536fb37443fb4743504b75e35c/unhammer}
}

@book{aronson1990grg,
  address = {Columbus, OH},
  author = {H.I. Aronson},
  interhash = {ffc8cdb1316edeaa4f2e1f700eede1d2},
  intrahash = {a7543fd18797d9731472a34cbb7266f6},
  publisher = {Slavica Publishers},
  title = {{Georgian. A Reading Grammar. Corrected Edition}},
  year = 1990,
  keywords = {Georgian Master grammar reference toread},
  added-at = {2008-10-29T19:47:26.000+0100},
  biburl = {http://www.bibsonomy.org/bibtex/2a7543fd18797d9731472a34cbb7266f6/unhammer}
}

@inproceedings{denero2008cpa,
  address = {Columbus, Ohio},
  author = {John DeNero and Dan Klein},
  booktitle = {Proceedings of ACL-08: HLT, Short Papers},
  interhash = {055e4db700e702df1f089b6c4111e271},
  intrahash = {e0b645438b5a38b07357c56db976f50d},
  pages = {25--28},
  publisher = {ACL},
  title = {The Complexity of Phrase Alignment Problems},
  url = {http://www.aclweb.org/anthology/P/P08/P08-2007},
  year = 2008,
  keywords = {ILP Master PBSMT alignment complexity toread},
  added-at = {2008-10-23T10:09:21.000+0200},
  biburl = {http://www.bibsonomy.org/bibtex/2e0b645438b5a38b07357c56db976f50d/unhammer},
  month = {June}
}

@book{hatim2004tar,
  address = {London},
  author = {Basil Hatim and Jeremy Munday},
  interhash = {418edcb21be40519bcbf1deaf63b4c97},
  intrahash = {d66af969d47ad9c5f9bcfbe6478dead8},
  publisher = {Routledge},
  title = {{Translation: An Advanced Resource Book}},
  year = 2004,
  keywords = {Master loan toread translation},
  added-at = {2008-10-21T16:18:23.000+0200},
  biburl = {http://www.bibsonomy.org/bibtex/2d66af969d47ad9c5f9bcfbe6478dead8/unhammer}
}

@book{munday2001its,
  address = {London},
  author = {Jeremy Munday},
  interhash = {15491569c5317c21ed8b7da169d42cc0},
  intrahash = {c63ea95fdf25442e6a1946a220f4fbf2},
  publisher = {Routledge},
  title = {{Introducing Translation Studies: Theories and Applications}},
  year = 2001,
  keywords = {Master loan toread translation},
  added-at = {2008-10-21T16:16:10.000+0200},
  biburl = {http://www.bibsonomy.org/bibtex/2c63ea95fdf25442e6a1946a220f4fbf2/unhammer}
}

@article{dorr2002dmu,
  author = {B.J. Dorr and L. Pearl and R. Hwa and N. Habash},
  booktitle = {Proceedings of the 5th Conference of the Association for Machine Translation in the Americas on Machine Translation: From Research to Real Users},
  interhash = {9d7c2e94204b26d75c4d694e239ca996},
  intrahash = {99e78d6ad008ab16507525787268ba79},
  organization = {Springer-Verlag London, UK},
  pages = {31--43},
  title = {{DUSTer: A Method for Unraveling Cross-Language Divergences for Statistical Word-Level Alignment}},
  year = 2002,
  keywords = {MT Master alignment pri statistical toread translation},
  added-at = {2008-10-20T16:47:13.000+0200},
  biburl = {http://www.bibsonomy.org/bibtex/299e78d6ad008ab16507525787268ba79/unhammer}
}

@inproceedings{drabek2004ibw,
  address = {Morristown, NJ, USA},
  author = {E.F. Dr{\'a}bek and D. Yarowsky},
  booktitle = {Proceedings of the ACL 2004 on Interactive poster and demonstration sessions},
  interhash = {f2795ac43014f87bcb6bad765b15b302},
  intrahash = {53be72e0d7eb202e313f6058e3a02d90},
  pages = 14,
  publisher = {ACL},
  title = {{Improving bitext word alignments via syntax-based reordering of English}},
  year = 2004,
  keywords = {Master alignment haveread statistical},
  added-at = {2008-10-16T15:12:58.000+0200},
  biburl = {http://www.bibsonomy.org/bibtex/253be72e0d7eb202e313f6058e3a02d90/unhammer}
}

@inproceedings{marcu2002pbj,
  address = {Morristown, NJ, USA},
  author = {Daniel Marcu and William Wong},
  booktitle = {EMNLP '02: Proceedings of the ACL-02 conference on Empirical methods in natural language processing},
  interhash = {969b25b82d9b363093a836e1b668002f},
  intrahash = {ff0364b857c33e447dbd73ff1ee0788a},
  pages = {133--139},
  publisher = {ACL},
  title = {A phrase-based, joint probability model for statistical machine translation},
  year = 2002,
  keywords = {MT Master PBSMT alignment haveread statistical},
  added-at = {2008-10-16T12:38:12.000+0200},
  biburl = {http://www.bibsonomy.org/bibtex/2ff0364b857c33e447dbd73ff1ee0788a/unhammer},
  doi = {http://dx.doi.org/10.3115/1118693.1118711}
}

@misc{fung1994anp,
  author = {Pascale Fung and Kathleen McKeown},
  interhash = {a7ac8ac810f0f57acb07b65becfdc050},
  intrahash = {5c852047e1bcca51eefbf2e6f0741c6d},
  title = {Aligning Noisy Parallel Corpora Across Language Groups : Word Pair Feature Matching by Dynamic Time Warping},
  url = {http://www.citebase.org/abstract?id=oai:arXiv.org:cmp-lg/9409011},
  year = 1994,
  keywords = {Master alignment anchor statistical toread},
  added-at = {2008-10-10T12:55:29.000+0200},
  biburl = {http://www.bibsonomy.org/bibtex/25c852047e1bcca51eefbf2e6f0741c6d/unhammer},
  abstract = {We propose a new algorithm called DK-vec for aligning pairs of Asian/Indo-European noisy parallel texts without sentence boundaries. DK-vec improves on previous alignment algorithms in that it handles better the non-linear nature of noisy corpora. The algorithm uses frequency, position and recency information as features for pattern matching. Dynamic Time Warping is used as the matching technique between word pairs. This algorithm produces a small bilingual lexicon which provides anchor points for alignment.}
}

@article{hofland1998tca,
  author = {K. Hofland and S. Johansson},
  interhash = {22cfbdcb376c70336baed51776d304e8},
  intrahash = {3361c14ba2d3c28ce2527d7ec4dfc040},
  journal = {Corpora in Cross-linguistic Research: Theory and Method, and Case Studies},
  pages = {87--100},
  title = {{The Translation Corpus Aligner: A program for automatic alignment of parallel texts}},
  year = 1998,
  keywords = {Master alignment anchor toread},
  added-at = {2008-10-10T12:35:41.000+0200},
  biburl = {http://www.bibsonomy.org/bibtex/23361c14ba2d3c28ce2527d7ec4dfc040/unhammer}
}

@article{gildea2003ltb,
  author = {D. Gildea},
  interhash = {e1b762e8af952f95701626f3e9c9afff},
  intrahash = {e8ae7136d392ed280d1417f067369453},
  journal = {Proceedings of ACL},
  title = {{Loosely tree-based alignment for machine translation}},
  volume = 3,
  year = 2003,
  keywords = {MT Master alignment haveread pri treebank},
  added-at = {2008-09-21T20:09:05.000+0200},
  biburl = {http://www.bibsonomy.org/bibtex/2e8ae7136d392ed280d1417f067369453/unhammer}
}

@inproceedings{rosen1996laa,
  address = {Stanford},
  author = {V. Ros{\'e}n},
  editor = {M. Butt and T. H. King},
  interhash = {2db61681fc4a783e901b4b6bd43846f3},
  intrahash = {c7e7a9c0adf7e321ab1ae0f7a9743160},
  journal = {Proceedings of the LFG ’96 Conference},
  publisher = {CSLI Publications},
  title = {{The LFG Architecture and ``Verbless'' Syntactic Constructions}},
  year = 1996,
  keywords = {LFG Master XPAR syntax toread},
  added-at = {2008-09-16T20:43:27.000+0200},
  biburl = {http://www.bibsonomy.org/bibtex/2c7e7a9c0adf7e321ab1ae0f7a9743160/unhammer}
}

@inproceedings{rosen2007tmt,
  address = {Tartu},
  author = {V. Ros{\'e}n and K. De Smedt},
  booktitle = {Proceedings of the 16th Nordic Conference of Computational Linguistics NODALIDA-2007},
  editor = {Joakim Nivre and Heiki-Jaan Kaalep and Kadri Muischnek and Mare Koit},
  interhash = {ceff216ecbf7febba4f5e25a6a30a8d3},
  intrahash = {239bae6cf6c5c6703087f7d225987e46},
  pages = {152--159},
  publisher = {University of Tartu},
  title = {{Theoretically Motivated Treebank Coverage}},
  url = {http://hdl.handle.net/10062/2566},
  year = 2007,
  keywords = {Master XPAR toread treebank},
  added-at = {2008-09-16T20:35:34.000+0200},
  biburl = {http://www.bibsonomy.org/bibtex/2239bae6cf6c5c6703087f7d225987e46/unhammer}
}

@article{brown1990sam,
  author = {Peter F. Brown and John Cocke and Stephen Della Pietra and Vincent J. Della Pietra and Frederick Jelinek and John D. Lafferty and Robert L. Mercer and Paul S. Roossin},
  interhash = {d355df31e6a3ac16714313c8808a833d},
  intrahash = {72b2deacd76095812b2b15ce0bfd7d25},
  journal = {Computational Linguistics},
  number = 2,
  pages = {79-85},
  title = {A Statistical Approach to Machine Translation.},
  url = {http://dblp.uni-trier.de/db/journals/coling/coling16.html#BrownCPPJLMR90},
  volume = 16,
  year = 1990,
  keywords = {MT Master alignment mathematics statistical},
  added-at = {2008-09-11T09:34:51.000+0200},
  biburl = {http://www.bibsonomy.org/bibtex/272b2deacd76095812b2b15ce0bfd7d25/unhammer},
  date = {2002-02-13}
}

@article{och2003scv,
  author = {Franz Josef Och and Hermann Ney},
  interhash = {0c6f7429fd4bb103c869316f9b606342},
  intrahash = {c8b8d8a407d6faa1594bfe2154ebe178},
  journal = {Computational Linguistics},
  number = 1,
  pages = {19-51},
  title = {A Systematic Comparison of Various Statistical Alignment Models.},
  url = {http://dblp.uni-trier.de/db/journals/coling/coling29.html#OchN03},
  volume = 29,
  year = 2003,
  keywords = {EM MT Master SMT alignment apertium statistical},
  added-at = {2008-09-11T09:30:09.000+0200},
  biburl = {http://www.bibsonomy.org/bibtex/2c8b8d8a407d6faa1594bfe2154ebe178/unhammer},
  date = {2003-04-03}
}

@article{samuelsson2005par,
  author = {Y. Samuelsson and M. Volk},
  interhash = {583a32b15e92e306fceac1c9794ff77b},
  intrahash = {53dbe5c803c5519db27828d1716e27cd},
  journal = {Treebanking for discourse speech: proceedings of the NODALIDA 2005-special session on treebanks for spoken language and discourse},
  publisher = {Forlaget Samfundslitteratur},
  title = {{Presentation and Representation of Parallel Treebanks}},
  year = 2005,
  keywords = {Master tofind toread treebank},
  added-at = {2008-09-11T09:23:26.000+0200},
  biburl = {http://www.bibsonomy.org/bibtex/253dbe5c803c5519db27828d1716e27cd/unhammer}
}

@article{cyrus2004apa,
  author = {Lea Cyrus and Hendrik Feddes and Frank Schumacher},
  interhash = {1c48867c5a3dd3624ceb11f944c38cf6},
  intrahash = {9c7c3366e39ceb7dda7cfaf31c4e1d3a},
  journal = {LISBON},
  pages = 39,
  title = {Annotating Predicate-Argument Structure for a Parallel Treebank},
  url = {http://arxiv.org/abs/cs/0407002},
  volume = 2004,
  year = 2004,
  keywords = {Master alignment parallel pri semantics toread treebank},
  added-at = {2008-09-10T10:46:29.000+0200},
  biburl = {http://www.bibsonomy.org/bibtex/29c7c3366e39ceb7dda7cfaf31c4e1d3a/unhammer},
  abstract = { We report on a recently initiated project which aims at building a multi-layered parallel treebank of English and German. Particular attention is devoted to a dedicated predicate-argument layer which is used for aligning translationally equivalent sentences of the two languages. We describe both our conceptual decisions and aspects of their technical realisation. We discuss some selected problems and conclude with a few remarks on how this project relates to similar projects in the field.}
}

@inproceedings{samuelsson2004ani,
  author = {Y. Samuelsson and M. Volk},
  editor = {S. Kübler and J. Nivre and E. Hinrichs and H. Wunsch},
  interhash = {bcbc03d32402d1863e45c7a2341a5548},
  intrahash = {e591a18ae7c79e46ae5ee4c79f3bb8e9},
  journal = {Third Workshop on Treebanks and Linguistic Theories (TLT 2004)},
  title = {{Automatic Node Insertion for Treebank Deepening}},
  year = 2004,
  keywords = {Master toread treebank},
  added-at = {2008-09-09T19:44:35.000+0200},
  biburl = {http://www.bibsonomy.org/bibtex/2e591a18ae7c79e46ae5ee4c79f3bb8e9/unhammer}
}

@inproceedings{haug2008cpt,
  author = {D.T.T. Haug and M.L. J{\o}hndal},
  interhash = {03209b9ddeda1bbe905428c5829c15e6},
  intrahash = {ea4edc6c2506c3f883f330508a7c370a},
  organization = {LaTeCH 2008},
  title = {{Creating a Parallel Treebank of the Old Indo-European Bible Translations}},
  year = 2008,
  keywords = {Master bible toread treebank},
  added-at = {2008-08-25T14:29:05.000+0200},
  biburl = {http://www.bibsonomy.org/bibtex/2ea4edc6c2506c3f883f330508a7c370a/unhammer}
}

@book{grimshaw1990as,
  address = {Cambridge, MA},
  author = {J.B. Grimshaw},
  interhash = {389be8558098f13ec6473190f0a308c5},
  intrahash = {97678aa39895b06f7e586dd4245156ea},
  publisher = {MIT Press },
  series = {Linguistic Inquiry Monographs},
  title = {{Argument structure}},
  year = 1990,
  keywords = {LING305 Master argument_structure semantics syntax toread},
  added-at = {2008-08-20T17:38:25.000+0200},
  biburl = {http://www.bibsonomy.org/bibtex/297678aa39895b06f7e586dd4245156ea/unhammer}
}

@phdthesis{klein-thesis,
  author = {Dan Klein},
  interhash = {231998a2ede5f98bfd23c4732e4caf52},
  intrahash = {f6777dff0e2773f224f8989b4c189e17},
  school = {Stanford University},
  title = {{The Unsupervised Learning of Natural Language Structure}},
  year = 2005,
  keywords = {DG Master NLP parsing statistical unsupervised},
  added-at = {2008-07-03T22:27:56.000+0200},
  biburl = {http://www.bibsonomy.org/bibtex/2f6777dff0e2773f224f8989b4c189e17/unhammer}
}

@incollection{butt1998merger,
  address = {New York},
  author = {Miriam Butt},
  booktitle = {Complex Predicates in Nonderivational Syntax},
  chapter = 1,
  editor = {E. Hinrichs and A. Kathol and T. Nakazawa},
  interhash = {db04985f0ad13af5fe017db708758d0a},
  intrahash = {d0c117a98b612c018135fd9ce28160e0},
  publisher = {Academic Press},
  series = {Syntax and Semantics},
  title = {{Constraining Argument Merger Through Aspect}},
  volume = 30,
  year = 1998,
  keywords = {LFG Urdu complex_predicates master syntax toread},
  added-at = {2008-06-18T17:22:30.000+0200},
  biburl = {http://www.bibsonomy.org/bibtex/2d0c117a98b612c018135fd9ce28160e0/unhammer}
}

@book{swb-hpsg,
  address = {Stanford},
  author = {Ivan A. Sag and Thomas Wasow and Emily Bender},
  edition = {2nd},
  interhash = {a8ec49e003bb098295b56988100ca631},
  intrahash = {d55a5c47b481a2897ed8aa757d7c1f4e},
  note = {ISBN: 1-57586-399-5},
  publisher = {Center for the Study of Language and Information},
  title = {Syntactic Theory: A Formal Introduction},
  url = {http://csli-publications.stanford.edu/site/1575864002.html},
  year = 2003,
  keywords = {HPSG Master grammar haveread syntax},
  added-at = {2008-05-26T19:58:59.000+0200},
  biburl = {http://www.bibsonomy.org/bibtex/2d55a5c47b481a2897ed8aa757d7c1f4e/unhammer}
}

@book{alsina1997cp,
  address = {Stanford, CA, USA},
  editor = {Alex Alsina and Joan Bresnan and Peter Sells},
  howpublished = {Paperback},
  interhash = {0ec5ad22b401e92128fa1866d2ba4426},
  intrahash = {f20acfde1843b6d433c71c298718862c},
  publisher = {Center for the Study of Language and Information},
  title = {Complex Predicates},
  year = 1997,
  keywords = {Master complex_predicates morphology syntax},
  added-at = {2008-05-26T16:16:26.000+0200},
  priority = {0},
  isbn = {1575860465},
  biburl = {http://www.bibsonomy.org/bibtex/2f20acfde1843b6d433c71c298718862c/unhammer},
  citeulike-article-id = {500255},
  month = {October},
  abstract = {Complex predicates can be defined as predicates which are composed of more than one grammatical element (either morphemes or words), each of which contributes a non-trivial part of the information of the complex predicate. The papers collected in this volume, which were presented at a workshop at Stanford in 1993, represent a variety of approaches to the question of the range and nature of complex predicates, and draw on data from a wide spectrum of languages. This collection develops a better understanding of the range of phenomena that a general theory of complex predicates would have to account for, and to see what kinds of linguistic ideas and methodologies would be necessary for such a task.}
}

@article{prescher-em,
  author = {Detlef Prescher},
  interhash = {cb5577e3b2a966162f2dc38e52dc3b68},
  intrahash = {7684ca4c422922d880e247ce5ebceb2b},
  journal = {CoRR},
  note = {informal publication},
  pages = 49,
  title = {A Tutorial on the Expectation-Maximization Algorithm Including Maximum-Likelihood Estimation and EM Training of Probabilistic Context-Free Grammars},
  url = {http://dblp.uni-trier.de/db/journals/corr/corr0412.html#abs-cs-0412015},
  volume = {abs/cs/0412015},
  year = 2004,
  keywords = {EM ML master statistical},
  ee = {http://arxiv.org/abs/cs/0412015},
  added-at = {2008-02-26T14:30:22.000+0100},
  description = {dblp},
  biburl = {http://www.bibsonomy.org/bibtex/27684ca4c422922d880e247ce5ebceb2b/unhammer},
  date = {2008-01-02}
}

@book{manning99foundations,
  author = {Christopher D. Manning and Hinrich Schütze},
  howpublished = {Hardcover},
  interhash = {abeffbe1782663225f08bb5bd34ddc08},
  intrahash = {9b2ddcf0d31e9f0d787b2bce8803fa96},
  publisher = {{The MIT Press}},
  title = {Foundations of Statistical Natural Language Processing},
  year = 1999,
  keywords = {NLP master statistical},
  added-at = {2008-02-05T11:55:31.000+0100},
  isbn = {0262133601},
  biburl = {http://www.bibsonomy.org/bibtex/29b2ddcf0d31e9f0d787b2bce8803fa96/unhammer},
  month = {June}
}

