@article{kilgarriff1997dbw,
        title = {{I Don't Believe in Word Senses}},
        author = {A. Kilgarriff},
        journal = {Computers and the Humanities},
        number = 2,
        pages = {91--113},
        publisher = {Springer},
        volume = 31,
        year = 1997,
        url = {http://explorer.csse.uwa.edu.au/reference/paper/233281837.pdf},
        biburl = {http://www.bibsonomy.org/bibtex/2e20ce3be3c8dba7cb9e80b40ec196999/unhammer},
	keywords = {Master WSD lexical_semantics toread},
    }

@incollection{ide2006mss,
        title = {{Making Sense About Sense}},
        address = {Dordrecht},
        author = {N. Ide and Y. Wilks},
        booktitle = {{Word Sense Disambiguation: Algorithms And Applications}},
        chapter = 3,
        publisher = {Springer},
        year = 2006,
        url = {http://www.cs.vassar.edu/%7Eide/papers/WSDbook.pdf},
        biburl = {http://www.bibsonomy.org/bibtex/22073a1f509477e61558eed870b5363b7/unhammer},
	keywords = {IR MT Master SENSEVAL WSD WordNet haveread polysemy},
    }

@inproceedings{dyvik2005tsk,
        title = {{Translations as a Semantic Knowledge Source}},
        address = {Tallinn},
        author = {H. Dyvik},
        booktitle = {{Proceedings of the Second Baltic Conference on Human Language Technologies}},
        pages = {27--38},
        publisher = {{Institute of Cybernetics, Tallinn University of Technology \& Institute of the Estonian Language}},
        year = 2005,
        url = {http://ling.uib.no/helge/TallinnTalk.pdf},
        description = {There's completely different 2003 draft with the exact same title, at http://hf.uib.no/i/LiLi/SLF/ans/Dyvik/transknow.pdf . This is the right one, though...},
	biburl = {http://www.bibsonomy.org/bibtex/2e74de8085a000e6d406326acde7b0182/unhammer},
	keywords = {Master WSD WordNet haveread semantics translation},
    }

@book{cruse2002lih,
        title = {{Lexikologie: Ein Internationales Handbuch Zur Natur und Struktur Von Wortern und Wortschatzen (An International Handbook on the Nature and Structure of Words and Vocabularies)}},
        address = {Berlin},
        author = {D.A. Cruse and F. Hundsnurscher and M. Job and P.R. Lutzeier},
        publisher = {Mouton de Gruyter},
        year = 2002,
        biburl = {http://www.bibsonomy.org/bibtex/28ee54df7b748ed3501da17368f41becd/unhammer},
	keywords = {Master lexical_semantics},
    }

@incollection{mwd2009clear,
        title = {clear},
        booktitle = {{Merriam-Webster Online Dictionary}},
        year = 2009,
        url = {http://www.merriam-webster.com/dictionary/clear},
        biburl = {http://www.bibsonomy.org/bibtex/29329b0ee9e9b3616b9bdf549dd25d7c0/unhammer},
	keywords = {Master dictionary polysemy},
    lastchecked = {2009-05-23}}

@article{weinreich1964wtc,
        title = {{Webster's Third: A Critique of Its Semantics}},
        author = {Uriel Weinreich},
        journal = {International Journal of American Linguistics},
        number = 4,
        pages = {405--409},
        publisher = {The University of Chicago Press},
        volume = 30,
        year = 1964,
        url = {http://www.jstor.org/stable/1263534},
        biburl = {http://www.bibsonomy.org/bibtex/20f0f38b9fd7fcb7dc3c294ef3334ebf0/unhammer},
	keywords = {Master haveread lexical_semantics polysemy},
    }

@incollection{flottum2006wnr,
        title = {{“We now report on ..." versus “Let us now see how ...": Author roles and interaction with readers in research articles. }},
        address = {Bern},
        author = {K. T. Fl\o{}ttum and T. Kinn and T. Dahl},
        booktitle = {{Academic discourse across disciplines}},
        editor = {K. Hyland and M. Bondi},
        publisher = {Peter Lang},
        year = 2006,
        url = {http://www.hf.uib.no/forskerskole/FlottumKinnDahl.pdf},
        biburl = {http://www.bibsonomy.org/bibtex/2843a267c4756afe786f00a8d61995bf9/unhammer},
	keywords = {Master writing},
    }

@inproceedings{rosen2009lpt,
        title = {{LFG Parsebanker: A Toolkit for Building and Searching a Treebank as a Parsed Corpus}},
        address = {Utrecht},
        author = {Victoria Ros{\'e}n and Paul Meurer and Koenraad de Smedt},
        booktitle = {Proceedings of the 7th {I}nternational {W}orkshop on {T}reebanks and {L}inguistic {T}heories ({TLT7})},
        editor = {Frank Van Eynde and Anette Frank and Gertjan van Noord and Koenraad De Smedt},
        pages = {127--133},
        publisher = {LOT},
        year = 2009,
        url = {http://ling.uib.no/~desmedt/papers/tlt7rosen-submitted.pdf},
        description = {Strange licencing: "it can be downloaded as source code [...] Copyright [...] All Rights Reserved" (http://maximos.aksis.uib.no/Aksis-wiki/LFG_Parsebanker_Interface)},
	biburl = {http://www.bibsonomy.org/bibtex/2b92869903b79d8491d88200aed4006d8/unhammer},
	keywords = {LFG Master treebank},
    }

@misc{desmedt2009dss,
        title = {{DASP307 -- Språkvitskapleg skriving. Forelesningsnotater}},
        author = {K. de Smedt},
        year = 2009,
        url = {http://gandalf.uib.no/lingkurs/webroot/index.php?page=academic-writing&course=dasp307},
        biburl = {http://www.bibsonomy.org/bibtex/26c31ddf12b15cf17a45b28f5ad8a9c5e/unhammer},
	keywords = {Master writing},
    }

@inproceedings{rosen2007dai,
        title = {{Designing and Implementing Discriminants for LFG Grammars} },
        address = {Stanford},
        author = {V. Ros{\'e}n and P. Meurer and K. de Smedt},
        booktitle = {Proceedings of the LFG ’07 Conference},
        editor = {M. Butt and T.H. King},
        pages = {397--417},
        publisher = {CSLI Publications},
        year = 2007,
        url = {http://csli-publications.stanford.edu/LFG/12/lfg07.pdf},
        biburl = {http://www.bibsonomy.org/bibtex/2b13985aa2afd9b38512e20e61f55353f/unhammer},
	keywords = {LFG Master XPAR toread},
    }

@article{korhonen2003cps,
        title = {{Clustering Polysemic Subcategorization Frame Distributions Semantically}},
        author = {A. Korhonen and Y. Krymolowski and Z. Marx},
        booktitle = {Proceedings of the 41st Annual Meeting of the Association for Computational Linguistics},
        pages = {64--71},
        year = 2003,
        url = {http://acl.ldc.upenn.edu/P/P03/P03-1009.pdf},
        biburl = {http://www.bibsonomy.org/bibtex/2dec034b3e97e2c54fec9c5c0408c7f0b/unhammer},
	keywords = {Master argument_structure clustering polysemy statistical subcategorization toread},
    }

@book{walker1998ctd,
        title = {{Centering Theory in Discourse}},
        address = {Oxford},
        editor = {M.A. Walker and A.K. Joshi and E.F. Prince},
        publisher = {Clarendon Press},
        year = 1998,
        biburl = {http://www.bibsonomy.org/bibtex/29549fabe26bf59e834aad38b3258bd10/unhammer},
	keywords = {Master anaphora centering_theory discourse},
    }

@article{navigli2009wsd,
        title = {Word sense disambiguation: A survey},
        address = {New York, NY, USA},
        author = {Roberto Navigli},
        journal = {ACM Comput. Surv.},
        number = 2,
        pages = {1--69},
        publisher = {ACM},
        volume = 41,
        year = 2009,
        url = {http://portal.acm.org/citation.cfm?id=1459355},
        biburl = {http://www.bibsonomy.org/bibtex/2113f45fddcbbd9642982dfec4b9dc465/unhammer},
	keywords = {Master WSD toread},
    issn = {0360-0300}, doi = {http://doi.acm.org/10.1145/1459352.1459355}}

@book{jurafsky2000slp,
        title = {{Speech and Language Processing: An Introduction to Natural Language Processing, Computational Linguistics and Speech Recognition}},
        address = {Upper Saddle River, NJ},
        author = {Daniel Saul Jurafsky and James H. Martin},
        edition = 1,
        publisher = {Prentice Hall},
        year = 2000,
        biburl = {http://www.bibsonomy.org/bibtex/2ef1bd808828bc1481f8be089a319af35/unhammer},
	keywords = {AI MT Master NLP},
    }

@phdthesis{maier2009sis,
        title = {{Structural Interference from the Source Language: A psycholinguistic investigation of syntactic processes in non-professional translation}},
        author = {Robert M. Maier},
        editor = {Antonella Sorace and Robert J Hartsuiker and Martin J Pickering},
        school = {University of Edinburgh},
        year = 2009,
        url = {http://linguistlist.org/issues/20/20-1786.html},
        description = {the syntactic alignments in your head},
	biburl = {http://www.bibsonomy.org/bibtex/2cf7213157daeffc2f993805a6201ed95/unhammer},
	keywords = {Master pri processing psycholinguistics toread translation},
    }

@article{lappin1994apa,
        title = {{An algorithm for Pronominal Anaphora Resolution}},
        author = {S. Lappin and H.J. Leass},
        journal = {Computational Linguistics},
        number = 4,
        pages = {535--561},
        publisher = {MIT Press Cambridge, MA, USA},
        volume = 20,
        year = 1994,
        url = {http://www.ldc.upenn.edu/acl/J/J94/J94-4002.pdf},
        biburl = {http://www.bibsonomy.org/bibtex/2ecd4280462703f80a869899660c8ec06/unhammer},
	keywords = {Master anaphora discourse pragmatics semantics toread},
    }

@book{lobner2002us,
        title = {{Understanding Semantics}},
        address = {New York},
        author = {S. Löbner},
        publisher = {Oxford University Press },
        year = 2002,
        biburl = {http://www.bibsonomy.org/bibtex/23a7d8962f13d992ade8ae97fc090e920/unhammer},
	keywords = {Master haveread semantics},
    }

@incollection{lyse2006mst,
        title = {{Making sense of translations. Translation-based lexical information for Word Sense Disambiguation (WSD)}},
        address = {Newcastle upon Tyne, UK},
        author = {Gunn Inger Lyse},
        booktitle = {New Voices in Linguistics},
        editor = {Eva Thue Vold and Gunn Inger Lyse and Anje Müller Gjesdal},
        pages = {233--246},
        publisher = {Cambridge Scholars Press},
        year = 2006,
        url = {http://ling.uib.no/~gunn/mesterklasse/Lyse-WSD-Mirrors-2006.pdf},
        biburl = {http://www.bibsonomy.org/bibtex/2e7a9b350a46790021ad0c75c6eaa68b4/unhammer},
	keywords = {Master WSD WordNet semantics toread},
    }

@book{fellbaum1998wel,
        title = {{WordNet: An Electronic Lexical Database}},
        address = {Cambridge, MA},
        editor = {Christiane Fellbaum},
        publisher = {MIT Press},
        year = 1998,
        biburl = {http://www.bibsonomy.org/bibtex/28472b4f9d7f2bfc4a97ffd4a023facc6/unhammer},
	keywords = {Master WordNet},
    }

@incollection{mwt2009clear,
        title = {clear},
        booktitle = {{Merriam-Webster Online Thesaurus}},
        year = 2009,
        url = {http://www.merriam-webster.com/thesaurus/clear},
        biburl = {http://www.bibsonomy.org/bibtex/2d54ee9e7014df2d6313d3699b0fe0681/unhammer},
	keywords = {Master dictionary polysemy},
    lastchecked = {2009-05-05}}

@article{larson1985bnp,
        title = {{Bare-NP adverbs}},
        author = {R.K. Larson},
        journal = {Linguistic Inquiry},
        pages = {595--621},
        publisher = {The MIT Press},
        year = 1985,
        url = {http://www.jstor.org/stable/4178458},
        biburl = {http://www.bibsonomy.org/bibtex/279a1091c47d497012176dcdf26a62655/unhammer},
	keywords = {GB Master adjuncts argument_structure bare-NP haveread syntax},
    }

@book{pustejovsky1995gl,
        title = {{The Generative Lexicon}},
        address = {Cambridge, MA},
        author = {James Pustejovsky},
        publisher = {MIT Press},
        year = 1995,
        biburl = {http://www.bibsonomy.org/bibtex/2f18ce91894254ec5761339a9c708568d/unhammer},
	keywords = {Master generative haveread lexical_semantics lexicon semantics},
    }

@inproceedings{homola2004tml,
        title = {A translation model for languages of accessing countries},
        address = {Malta},
        author = {Petr Homola and Vladislav Kubon},
        booktitle = {{9th EAMT Workshop. ``Broadening horizons of machine translation and its applications''}},
        organization = {EAMT},
        pages = {90--97},
        publisher = {Foundation for International Studies},
        year = 2004,
        url = {http://www.mt-archive.info/EAMT-2004-Homola.pdf},
        description = {Great description of an "eclectic" MT system: they first develop for close language pairs within one group, and when they reach the most different pair, they discover that they need syntax, so they make a shallow LFG-based parser _for that pair_.},
	biburl = {http://www.bibsonomy.org/bibtex/2a88f42ffb685131c4588408efe2646da/unhammer},
	keywords = {LFG Master apertium haveread shallow_transfer},
    }

@inproceedings{marcus1994pta,
        title = {{The Penn Treebank: Annotating Predicate-Argument Structure}},
        address = {Morristown, NJ, USA},
        author = {Mitchell Marcus and Grace Kim and Mary Ann Marcinkiewicz and Robert MacIntyre and Ann Bies and Mark Ferguson and Karen Katz and Britta Schasberger},
        booktitle = {{HLT '94: Proceedings of the workshop on Human Language Technology}},
        pages = {114--119},
        publisher = {Association for Computational Linguistics},
        year = 1994,
        url = {http://portal.acm.org/citation.cfm?id=1075835&jmp=cit&coll=GUIDE&dl=GUIDE&CFID=32954598&CFTOKEN=39844723#CIT},
        abstract = {The Penn Treebank has recently implemented a new syntactic annotation scheme, designed to highlight aspects of predicate-argument structure. This paper discusses the implementation of crucial aspects of this new annotation scheme. It incorporates a more consistent treatment of a wide range of grammatical phenomena, provides a set of coindexed null elements in what can be thought of as "underlying" position for phenomena such as wh-movement, passive, and the subjects of infinitival constructions, provides some non-context free annotational mechanism to allow the structure of discontinuous constituents to be easily recovered, and allows for a clear, concise tagging system for some semantic roles.},
	biburl = {http://www.bibsonomy.org/bibtex/27862f1627cbaf5f22e7b479acdd703a9/unhammer},
	keywords = {Master argument_structure corpus toread},
    location = {Plainsboro, NJ}, isbn = {1-55860-357-3}, doi = {http://dx.doi.org/10.3115/1075812.1075835}}

@book{kroeger2004asl,
        title = {{Analyzing Syntax: a Lexical-Functional Approach}},
        address = {Cambridge},
        author = {P. Kroeger},
        publisher = {Cambridge University Press},
        year = 2004,
        biburl = {http://www.bibsonomy.org/bibtex/28a64153f96d339a9fce44b27cd348f65/unhammer},
	keywords = {LFG Master haveread syntax},
    }

@inproceedings{fung2007lbs,
        title = {{Learning Bilingual Semantic Frames: Shallow Semantic Parsing vs. Semantic Role Projection}},
        address = {Skövde, Sweden},
        author = {Pascale Fung and Zhaojun Wu and Yongsheng Yang and Dekai Wu},
        booktitle = {TMI-2007: Proceedings of the 11 th International Conference on Theoretical and Methodological Issues in Machine Translation},
        pages = {75--84},
        year = 2007,
        url = {http://www.mt-archive.info/authors-F.htm},
        description = {«We present experimental data ex- 
plaining that this is due to cross- 
lingual mismatches between argu- 
ment structures in English and Chi- 
nese at 17.24% of the time. This 
suggests that, in any potential ap- 
plication to enhance machine trans- 
lation with semantic structural map- 
ping, it may be preferable to em- 
ploy independent automatic seman- 
tic parsers on source and target lan- 
guages, rather than assuming se- 
mantic role parallelism.»},
	biburl = {http://www.bibsonomy.org/bibtex/226bc9314f085c2e5fbf3ed65ba6d8f26/unhammer},
	keywords = {FrameNet Master PropBank alignment argument_structure master pri semantic_roles toread},
    }

@article{bod1992cml,
        title = {{A computational model of language performance: Data Oriented Parsing}},
        author = {R. Bod},
        journal = {Proceedings of the 14th conference on Computational linguistics-Volume 3},
        pages = {855--859},
        publisher = {Association for Computational Linguistics Morristown, NJ, USA},
        year = 1992,
        url = {http://portal.acm.org/citation.cfm?id=993082&dl=},
        description = {The original...},
	biburl = {http://www.bibsonomy.org/bibtex/2f4c5696f56e671cd983a8a39c5e5eb2d/unhammer},
	keywords = {DOP Master parsing statistical},
    }

@book{schutze1996ebl,
        title = {{The Empirical Base of Linguistics: Grammaticality Judgments and Linguistic Methodology}},
        address = {Chicago},
        author = {C.T. Sch{\"u}tze},
        publisher = {University of Chicago Press},
        year = 1996,
        biburl = {http://www.bibsonomy.org/bibtex/266ddefc51dddc855f5293bc99ee5f208/unhammer},
	keywords = {Master grammaticality method philosophy_of_language},
    }

@inbook{hutchinson1974gt,
        title = {{Grammar as theory}},
        address = {New York},
        author = {L. Hutchinson},
        editor = {D. Cohen},
        journal = {Explaining Linguistic Phenomena},
        pages = {46--73},
        publisher = {Wiley},
        year = 1974,
        biburl = {http://www.bibsonomy.org/bibtex/266c1644a288b5c4b7fd37efbc962e199/unhammer},
	keywords = {Master grammar linguistics philosophy_of_language},
    }

@inbook{chomsky1967rsv,
        title = {{A Review of B. F. Skinner's Verbal Behavior}},
        address = {Englewood Cliffs, N.J.},
        author = {N. Chomsky},
        booktitle = {{Readings in the Psychology of Language}},
        editor = {Leon A. Jakobovits and Murray S. Miron},
        publisher = {Prentice-Hall},
        year = 1967,
        url = {http://www.chomsky.info/articles/1967----.htm},
        biburl = {http://www.bibsonomy.org/bibtex/2fafcd66d3c147a97e7f768b62c7f5ecc/unhammer},
	keywords = {Master behaviorism philosophy_of_language},
    }

@inproceedings{dyvik1999ufs,
        title = {{The Universality of F-structure: Discovery or Stipulation? The Case of Modals}},
        author = {H. Dyvik},
        booktitle = {Proceedings of the 4th International Lexical Functional Grammar Conference},
        editor = {M. Butt and T.H. King},
        year = 1999,
        url = {http://csli-publications.stanford.edu/LFG/4/dyvik/lfg99-dyvik.html},
        biburl = {http://www.bibsonomy.org/bibtex/2d772d7aa09ff0f5e08e3dc300212b721/unhammer},
	keywords = {LFG Master haveread modals syntax typology universals},
    }

@article{pado2007tec,
        title = {{Translational Equivalence and Cross-lingual Parallelism: The Case of FrameNet Frames}},
        author = {S. Pad{\'o} and G. Saarbr{\"u}cken},
        journal = {FRAME 2007: Building Frame Semantics Resources for Scandinavian and Baltic Languages},
        pages = 39,
        year = 2007,
        url = {http://nlp.cs.lth.se/frame2007/Proceedings/Frame07_final_print.pdf#page=45},
        biburl = {http://www.bibsonomy.org/bibtex/28239dd764d26c5ecd73cbfb4b3d69d3c/unhammer},
	keywords = {FrameNet Master divergences parallel pri toread translation typology},
    }

@book{fought1999lb,
        title = {{Leonard Bloomfield}},
        address = {London},
        author = {J.G. Fought},
        publisher = {Routledge},
        year = 1999,
        biburl = {http://www.bibsonomy.org/bibtex/2a28a84e72a22f3e37dc204781f4bcbda/unhammer},
	keywords = {master structuralism},
    }

@inbook{scholz2006ine,
        title = {{Irrational Nativist Exuberance}},
        address = {Oxford},
        author = {B.C. Scholz and G.K. Pullum},
        chapter = 4,
        editor = {Rob J. Stainton},
        journal = {Contemporary Debates in Cognitive Science},
        pages = {59--80},
        publisher = {Basil Blackwell},
        year = 2005,
        url = {http://ling.ed.ac.uk/~gpullum/bcscholz/Exuberance.pdf},
        
      month = {April},
    biburl = {http://www.bibsonomy.org/bibtex/2576d8e05b267bf13898cbce3de9bdf36/unhammer},
	keywords = {Chomsky Master UG language_acquisition toread},
    }

@book{chomsky1986kln,
        title = {{Knowledge of Language: Its Nature, Origin, and Use}},
        address = {New York},
        author = {N. Chomsky},
        publisher = {Praeger},
        year = 1986,
        biburl = {http://www.bibsonomy.org/bibtex/27250a54979cd75281e723908d416db64/unhammer},
	keywords = {Master philosophy_of_language syntax},
    }

@book{baayen2008ald,
        title = {{Analyzing linguistic data: A practical introduction to statistics using R}},
        author = {H. Baayen},
        publisher = {Cambridge University Press},
        year = 2008,
        biburl = {http://www.bibsonomy.org/bibtex/29e5be78d677c9923d5c8c61f12905cab/unhammer},
	keywords = {Master R corpus statistical},
    }

@misc{xpar2009pd,
        title = {{Project description}},
        author = {{XPar}},
        year = 2009,
        url = {http://ling.uib.no/lamore/xpar/index.php?page=description},
        biburl = {http://www.bibsonomy.org/bibtex/2a8017d01d78061676e86273bde13b141/unhammer},
	keywords = {Dutch Georgian Master Norwegian Tigrinya XPAR alignment corpus parallel},
    }

@misc{xpar2008rcn,
        title = {{XPAR: Language diversity and parallel grammars}},
        author = {{XPar}},
        note = {{Submitted to the Research Council of Norway.}},
        year = 2008,
        description = {Project description},
	biburl = {http://www.bibsonomy.org/bibtex/21723a6f2e05975afaf0d327611c99d8e/unhammer},
	keywords = {Dutch Georgian Master Norwegian Tigrinya XPAR alignment corpus parallel},
    }

@incollection{rosen2000nns,
        title = {{Er norsk et naturlig språk?}},
        address = {Oslo},
        author = {Victoria Rosén},
        booktitle = {{Menneske, språk og fellesskap. Festskrift til Kirsti Koch Christensen på 60-årsdagen 1. desember 2000}},
        editor = {{\O{}. Andersen} and K. Fl\o{}ttum and T. Kinn},
        pages = {157--174},
        publisher = {Novus Forlag},
        year = 2000,
        biburl = {http://www.bibsonomy.org/bibtex/29f7ca16500a533e5a8a89618399c592b/unhammer},
	keywords = {Master Norwegian},
    }

@book{wittgenstein1953pi,
        title = {Philosophical Investigations},
        address = {Oxford},
        author = {Ludwig Wittgenstein},
        note = {Translated by G.E.M. Anscombe},
        publisher = {Blackwell},
        year = 1953,
        key = {Wittgenstein},
	biburl = {http://www.bibsonomy.org/bibtex/2b4d2e81ab3f24192708770d7eecb925b/unhammer},
	keywords = {Master philosophy_of_language},
    }

@inbook{farwell2008iam,
        title = {{Interlingual Annotation of Multilingual Text Corpora and FrameNet}},
        address = {Berlin},
        author = {D. Farwell and S. Helmreich and B. Dorr and R. Green and F. Reeder and K. Miller and L. Levin and T. Mitamura and E. Hovy and O. Rambow and N. Habash and A. Siddharthan},
        booktitle = {Multilingual FrameNets in Computational Lexicography : Methods and Applications},
        publisher = {Moutin de Gruyter },
        year = 2008,
        url = {ftp://ftp.umiacs.umd.edu/pub/bonnie/IAMTC-FrameNet.pdf},
        description = {LING307},
	biburl = {http://www.bibsonomy.org/bibtex/2746c269e2f0d617afb3e84409b55c833/unhammer},
	keywords = {FrameNet Master divergences haveread pragmatics translation},
    }

@inbook{dyvik1998tbs,
        title = {{A Translational Basis for Semantics}},
        address = {Amsterdam / Atlanta},
        author = {H. Dyvik},
        chapter = 3,
        editor = {S. Johansson and S. Oksefjell},
        journal = {Corpora and Cross-linguistic Research: Theory, Method and Case Studies},
        pages = {51--86},
        publisher = {Rodopi},
        year = 1998,
        url = {http://www.hf.uib.no/i/LiLi/SLF/ans/Dyvik/transem.html},
        biburl = {http://www.bibsonomy.org/bibtex/2401e6648f10a363aa2ca9131f64473ff/unhammer},
	keywords = {Master haveread semantics translation},
    }

@inproceedings{butt2002pgp,
        title = {{The Parallel Grammar Project}},
        address = {Morristown, NJ},
        author = {M. Butt and H. Dyvik and T.H. King and H. Masuichi and C. Rohrer},
        booktitle = {{COLING-02 on Grammar engineering and evaluation}},
        organization = {{International Conference on Computational Linguistics}},
        pages = {1--7},
        publisher = {{Association for Computational Linguistics}},
        volume = 15,
        year = 2002,
        url = {http://portal.acm.org/citation.cfm?id=1118783.1118786},
        biburl = {http://www.bibsonomy.org/bibtex/2a4b73772c70a02b9b6f0efa5b833f272/unhammer},
	keywords = {Master toread},
    }

@article{dorr1994mtd,
        title = {{Machine translation divergences: A formal description and proposed solution}},
        author = {B.J. Dorr},
        journal = {Computational Linguistics},
        number = 4,
        pages = {597--633},
        publisher = {MIT Press Cambridge, MA, USA},
        volume = 20,
        year = 1994,
        url = {ftp://ftp.umiacs.umd.edu/pub/bonnie/jacl94.pdf},
        biburl = {http://www.bibsonomy.org/bibtex/22bdad7b48676b65c36b91ddab7218ce6/unhammer},
	keywords = {LCS LFG MT Master alignment haveread semantics translation},
    }

@inproceedings{kaplan1993rcb,
        title = {{Restriction and correspondence-based translation}},
        author = {R.M. Kaplan and J. Wedekind},
        booktitle = {{Proceedings of the Sixth European Conference of the Association for Computational Linguistics}},
        pages = {193--202},
        year = 1993,
        url = {http://acl.ldc.upenn.edu/E/e93/E93-1024.pdf},
        biburl = {http://www.bibsonomy.org/bibtex/2665ee0a9a5b03489bc89da834f9c4070/unhammer},
	keywords = {LFG MT Master complex_predicates divergences haveread transfer},
    }

@book{bresnan2001lfs,
        title = {{Lexical-Functional Syntax}},
        address = {Oxford, UK},
        author = {Joan Bresnan},
        note = {ISBN: 0631209743},
        publisher = {Blackwell Publishers},
        year = 2001,
        url = {http://books.google.com/books?id=7elu0CcxQWkC},
        biburl = {http://www.bibsonomy.org/bibtex/20d51ad34e62cc0f1f135ef138cc9d82a/unhammer},
	keywords = {LFG Master grammar syntax},
    }

@book{crawley2005siu,
        title = {{Statistics: an introduction using R}},
        address = {Chichester},
        author = {M.J. Crawley},
        publisher = {Wiley},
        year = 2005,
        biburl = {http://www.bibsonomy.org/bibtex/2a58c78e9561407edd2a3341cccb0c60a/unhammer},
	keywords = {Master R statistical},
    }

@inproceedings{rambow2006psa,
        title = {{Parallel Syntactic Annotation of Multiple Languages}},
        address = {Genoa, Italy},
        author = {O. Rambow and B. Dorr and D. Farwell and R. Green and N. Habash and S. Helmreich and E. Hovy and L. Levin and K. Miller and T. Mitamura and F. Reeder and A. Siddharthan},
        booktitle = {Proceedings of the International Conference on Language Resources and Evaluation},
        pages = {559--564},
        year = 2006,
        url = {http://www.umiacs.umd.edu/~bonnie/publications.html},
        biburl = {http://www.bibsonomy.org/bibtex/2bbb742da71193794946ad92e6cc1286d/unhammer},
	keywords = {Master alignment annotation divergences interlingua parallel toread treebank},
    }

@book{trujillo1999tet,
        title = {Translation engines: techniques for machine translation},
        address = {London},
        author = {Arturo Trujillo},
        publisher = {Springer},
        series = {Applied Computing},
        year = 1999,
        url = {http://www.worldcat.org/search?qt=worldcat_org_all&q=1852330570},
        biburl = {http://www.bibsonomy.org/bibtex/2b3f419326ca4c8ab96b58084ad5ce311/unhammer},
	keywords = {MT Master divergences toread},
    issn = {1852330570  9781852330576}, refid = {41612451}}

@inproceedings{hwa2001etc,
        title = {Evaluating translational correspondence using annotation projection},
        address = {Morristown, NJ, USA},
        author = {Rebecca Hwa and Philip Resnik and Amy Weinberg and Okan Kolak},
        booktitle = {ACL '02: Proceedings of the 40th Annual Meeting on Association for Computational Linguistics},
        pages = {392--399},
        publisher = {Association for Computational Linguistics},
        year = 2001,
        url = {http://portal.acm.org/citation.cfm?doid=1073083.1073149},
        description = {Evaluating translational correspondence using annotation projection},
	abstract = {Recently, statistical machine translation models have begun to take advantage of higher level linguistic structures such as syntactic dependencies. Underlying these models is an assumption about the directness of translational correspondence between sentences in the two languages; however, the extent to which this assumption is valid and useful is not well understood. In this paper, we present an empirical study that quantifies the degree to which syntactic dependencies are preserved when parses are projected directly from English to Chinese. Our results show that although the direct correspondence assumption is often too restrictive, a small set of principled, elementary linguistic transformations can boost the quality of the projected Chinese parses by 76% relative to the unimproved baseline.},
	biburl = {http://www.bibsonomy.org/bibtex/22de7dd31379cd4d956d20effd401be9f/unhammer},
	keywords = {Chinese DG English Master alignment dependency divergences toread translation},
    location = {Philadelphia, Pennsylvania}, doi = {http://dx.doi.org/10.3115/1073083.1073149}}

@article{han2000hsd,
        title = {Handling Structural Divergences and Recovering Dropped Arguments in a Korean/English Machine Translation System},
        author = {Chung hye Han and Benoit Lavoie and Martha Palmer and Owen Rambow and Richard Kittredge and Tanya Korelsky and Nari Kim and Myunghee Kim},
        journal = {Envisioning Machine Translation in the Information Future},
        pages = {168--176},
        year = 2000,
        url = {http://dx.doi.org/10.1007/3-540-39965-8_5},
        abstract = {This paper describes an approach for handling structural divergences and recovering dropped arguments in an implemented Korean
to English machine translation system. The approach relies on canonical predicate-argument structures (or dependency structures),which provide a suitable pivot representation for the handling of structural divergences and the recovery of dropped arguments.It can also be converted to and from the interface representations of many off-the-shelf parsers and generators.},
	biburl = {http://www.bibsonomy.org/bibtex/2be91ff9367bed0e23168943cdb2335a5/unhammer},
	keywords = {MT Master alignment divergences toread},
    }

@article{pullum2001dbm,
        title = {{On the Distinction between Model-Theoretic and Generative-Enumerative Syntactic Frameworks}},
        author = {G.K. Pullum and B.C. Scholz},
        journal = {Logical Aspects of Computational Linguistics: 4th International Conference, Lacl 2001, Le Croisic, France, June 27-29, 2001, Proceedings},
        publisher = {Springer},
        year = 2001,
        url = {http://portal.acm.org/citation.cfm?id=645668.665062},
        description = {Great article (just skip the part about probabilistic grammars)},
	biburl = {http://www.bibsonomy.org/bibtex/2733d16706645dda52cc85fc5ce14212b/unhammer},
	keywords = {GES MTS Master generative grammar haveread logic model_theory syntax},
    }

@article{kruijffkorbayova2006agc,
        title = {{Annotation guidelines for Czech-English word alignment}},
        author = {I. Kruijff-Korbayova and K. Chvatalova and O. Postolache},
        booktitle = {Proceedings of the 5th International Conference on Language Resources and Evaluation (LREC 2006)},
        pages = {1256--1261},
        year = 2006,
        url = {http://www.mt-archive.info/LREC-2006-Kruijff.pdf},
        description = {«we describe problematic cases where more than one alignment approach seems appealing, depending on whether one focuses on semantic vs. lexical/syntactic correspondence»},
	biburl = {http://www.bibsonomy.org/bibtex/21a1a30d761e732f4742d193280aa5ae9/unhammer},
	keywords = {Czech English Master alignment annotation corpus manual toread},
    }

@article{cheung2002scg,
        title = {{Some Considerations on Guidelines for Bilingual Alignment and Terminology Extraction}},
        author = {L. Cheung and T. Lai and R. Luk and O.Y. Kwong and K.K. Sin and B.K. Tsou and H. Hom and H.K. Kowloon},
        booktitle = {Proceedings of the first SIGHAN workshop on Chinese language processing-Volume 18},
        organization = {Association for Computational Linguistics Morristown, NJ, USA},
        pages = {1--5},
        year = 2002,
        url = {http://www.aclweb.org/anthology-new///W/W02/W02-1802.pdf },
        description = {Discontinuous Units, Noun->Verb shifts, paraphrasing and circumlocution in translated senteces.},
	biburl = {http://www.bibsonomy.org/bibtex/25082820093ff5a1cadab30e37256a463/unhammer},
	keywords = {Master alignment corpus lexical_semantics manual terminology toread},
    }

@article{giegerich2006aea,
        title = {{Attribution in English and the distinction between phrases and compounds'}},
        author = {H.J. Giegerich},
        journal = {Englisch in Zeit und Raum-English in Time and Space: Forschungsbericht f{\"u}r Klaus Faiss. Trier: Wissenschaftlicher Verlag Trier},
        year = 2006,
        url = {http://www.englang.ed.ac.uk/people/attributioninenglish.pdf },
        description = {«Leading Anglists of many 
generations have attempted (and ultimately failed) to draw a sharp divide between compound and phrase: 
Koziol (1937), Jespersen (1942), Marchand (1969), Faiβ  (1981), Bauer (1987, 1998), Liberman and 
Sproat (1992), Olsen (2000, 2001) – to name just a few.»},
	biburl = {http://www.bibsonomy.org/bibtex/254ce1f1154d2297e64e654ff6af29288/unhammer},
	keywords = {English Master compound phrase syntax toread},
    }

@article{pedersen2008enm,
        title = {{Empiricism Is Not a Matter of Faith}},
        author = {T. Pedersen},
        journal = {Computational Linguistics},
        number = 3,
        pages = {465--470},
        publisher = {MIT Press},
        volume = 34,
        year = 2008,
        url = {http://www.d.umn.edu/~tpederse/Pubs/pedersen-last-word-2008.pdf},
        description = {«as a community we accept that our publications don’t provide enough space to describe our elaborate 21st century 
empirical methods in sufﬁcient detail to allow for re-implementation and reproduction of results» -- spot on.},
	biburl = {http://www.bibsonomy.org/bibtex/200b2deb24c33e710583eb627ac8cf227/unhammer},
	keywords = {LINGMET Master academic_freedom documentation linguistics open_source philosophy_of_science},
    }

@article{munday1998caa,
        title = {{A Computer-assisted Approach to the Analysis of Translation Shifts}},
        author = {J. Munday},
        journal = {Meta},
        number = 4,
        pages = {542--556},
        publisher = {{\'E}rudit},
        volume = 43,
        year = 1998,
        biburl = {http://www.bibsonomy.org/bibtex/2c9f45c6c4f8680bc78172654f0801bb7/unhammer},
	keywords = {Master corpus toread translation translation-shift},
    }

@misc{thunes2003eal,
        title = {{Ekserpering av leksikalske oversettelsekorrespondanser fra parallelltekst}},
        author = {M. Thunes},
        year = 2003,
        url = {http://www.hf.uib.no/i/LiLi/SLF/ans/Dyvik/marthaex.pdf},
        biburl = {http://www.bibsonomy.org/bibtex/2a645d5eb6d08bbcea9f611090852a82b/unhammer},
	keywords = {Master XPAR haveread parallel semantics translation},
    }

@article{lorscher1996pat,
        title = {{A psycholinguistic analysis of translation processes}},
        address = {(Montr{\'e}al)},
        author = {W. L{\"o}rscher},
        journal = {Meta},
        number = 1,
        pages = {26--32},
        publisher = {Presses de l'Universit{\'e} de Montr{\'e}al},
        volume = 41,
        year = 1996,
        biburl = {http://www.bibsonomy.org/bibtex/23ef188aa516fcaf3537318d79e9990df/unhammer},
	keywords = {Master processing psycholinguistics toread translation},
    }

@manual{R,
        title = {{R: A Language and Environment for Statistical Computing}},
        address = {Vienna, Austria},
        author = {{R Development Core Team}},
        note = {{ISBN} 3-900051-07-0},
        organization = {R Foundation for Statistical Computing},
        year = 2008,
        url = {http://www.R-project.org},
        biburl = {http://www.bibsonomy.org/bibtex/20c1a65a9abd6b20f88be419ed8df5ba0/unhammer},
	keywords = {Master R programming statistical},
    }

@inproceedings{kupiec1993afn,
        title = {An algorithm for finding noun phrase correspondences in bilingual corpora},
        address = {Morristown, NJ, USA},
        author = {Julian Kupiec},
        booktitle = {Proceedings of the 31st annual meeting on Association for Computational Linguistics},
        pages = {17--22},
        publisher = {Association for Computational Linguistics},
        year = 1993,
        url = {http://portal.acm.org/citation.cfm?id=981577&dl=GUIDE,},
        description = {Compares with Gale&Church 91, Smadja 92; but this uses "iterative re-estimation" on FST-tagged NP's. "enable correct correspondences to be made in circumstances where numerous low frequency phrases are involved ... in large text corpora roughly a third of the word types occur only once"},
	abstract = {The paper describes an algorithm that employs English and French text taggers to associate noun phrases in an aligned bilingual corpus. The taggers provide part-of-speech categories which are used by finite-state recognizers to extract simple noun phrases for both languages. Noun phrases are then mapped to each other using an iterative re-estimation algorithm that bears similarities to the Baum-Welch algorithm which is used for training the taggers. The algorithm provides an alternative to other approaches for finding word correspondences, with the advantage that linguistic structure is incorporated. Improvements to the basic algorithm are described, which enable context to be accounted for when constructing the noun phrase mappings.},
	biburl = {http://www.bibsonomy.org/bibtex/2ea094dd45309931ca7c6d85dee627504/unhammer},
	keywords = {Master NP XPAR alignment corpus toread},
    location = {Columbus, Ohio}, doi = {http://dx.doi.org/10.3115/981574.981577}}

@misc{iln2007okt,
        title = {Oslo-korpuset av taggede norske tekster},
        address = {Oslo},
        author = { Tekstlaboratoriet},
        publisher = {Universitetet i Oslo},
        year = 2007,
        url = {http://www.tekstlab.uio.no/norsk/nynorsk/index.html},
        biburl = {http://www.bibsonomy.org/bibtex/26283b23b283ae5625c2149a865b2d9ec/unhammer},
	keywords = {LING305 Master Norwegian corpus},
    }

@unpublished{meurer2008cgg,
        title = {{A Computational Grammar for Georgian}},
        author = {Paul Meurer},
        institution = {Aksis, UNIFOB, University of Bergen},
        year = 2008,
        url = {http://maximos.aksis.uib.no/~paul/articles/Tbilisi2007-LNAI.pdf},
        
      month = {March},
    biburl = {http://www.bibsonomy.org/bibtex/2b30cadf632645b0e9c5ca8c940560324/unhammer},
	keywords = {FST Georgian LFG Master XLE XPAR grammar haveread treebank},
    }

@inbook{riezler2006gmt,
        title = {{Grammatical Machine Translation}},
        address = {Stanford, CA},
        author = {Stefan Riezler and John Maxwell},
        booktitle = {{Intelligent Linguistic Architecture: Variations on themes by Ronald M. Kaplan}},
        chapter = 3,
        editor = {Miriam Butt and Mary Dalrymple and Tracy Holloway King},
        pages = {35--52},
        publisher = {CSLI Publications},
        year = 2006,
        url = {http://www.parc.com/research/publications/details.php?id=5675},
        biburl = {http://www.bibsonomy.org/bibtex/2ee23ec8a90c4012a4b8f3b5062f283aa/unhammer},
	keywords = {LFG Master PBSMT Transfer alignment},
    }

@inproceedings{hearne2008ccd,
        title = {{Comparing Constituency and Dependency Representations for SMT Phrase-Extraction}},
        address = {Avignon, France},
        author = {M. Hearne and S. Ozdowska and J. Tinsley},
        booktitle = {{Actes de la 15e Conf\'{e}rence Annuelle sur le Traitement Automatique des Langues Naturelles (TALN '08)}},
        year = 2008,
        url = {http://www.computing.dcu.ie/~mhearne/publications.html},
        biburl = {http://www.bibsonomy.org/bibtex/2abbf4813bdc1e228fe55753dbf1d5f49/unhammer},
	keywords = {DG MT Master PBSMT alignment dependency haveread statistical treebank},
    }

@inproceedings{koehn2003spb,
        title = {{Statistical phrase-based translation}},
        address = {Morristown, NJ, USA},
        author = {P. Koehn and F.J. Och and D. Marcu},
        booktitle = {{NAACL '03: Proceedings of the 2003 Conference of the North American Chapter of the Association for Computational Linguistics on Human Language Technology}},
        organization = {Association for Computational Linguistics},
        pages = {48--54},
        year = 2003,
        url = {http://www.iccs.inf.ed.ac.uk/~pkoehn/publications/phrase2003.pdf},
        biburl = {http://www.bibsonomy.org/bibtex/25637e377d050bf7cd75965d2a7997a06/unhammer},
	keywords = {MT Master PBSMT alignment haveread statistical},
    }

@article{brown1993msm,
        title = {The Mathematics of Statistical Machine Translation: {P}arameter Estimation},
        author = {Peter F. Brown and Stephen A. {Della Pietra} and Vincent J. {Della Pietra} and Robert L. Mercer},
        journal = {Computational Linguistics},
        number = 2,
        pages = {263--311},
        volume = 19,
        year = 1993,
        url = {http://citeseerx.ist.psu.edu/viewdoc/summary?doi=10.1.1.13.8919},
        biburl = {http://www.bibsonomy.org/bibtex/24d328348b40ce3e139de22b0d1a6dcaf/unhammer},
	keywords = {EM MT Master alignment mathematics statistical},
    }

@inproceedings{samuelsson2006pap,
        title = {{Phrase Alignment in Parallel Treebanks}},
        address = {Prague},
        author = {Y. Samuelsson and M. Volk},
        booktitle = {{Proceedings of Treebanks and Linguistic Theories (TLT '06)}},
        year = 2006,
        url = {http://ling16.ling.su.se:8080/new_PubDB/doc_repository/229_align.pdf},
        biburl = {http://www.bibsonomy.org/bibtex/210ed3ee27f01459943dcfb9275b354d3/unhammer},
	keywords = {Master alignment corpus haveread treebank},
    }

@inproceedings{piao2001mwu,
        title = {{Multi-word Unit Alignment in English-Chinese Parallel Corpora}},
        address = {Lancaster, UK},
        author = {S.S. Piao and T. McEnery},
        booktitle = {{Proceedings of the Corpus Linguistics 2001 Conference}},
        editor = {Paul Rayson and Andrew Wilson and Tony McEnery and Andrew Hardie and Shereen Khoja},
        pages = {466--475},
        year = 2001,
        url = {http://personalpages.manchester.ac.uk/staff/scott.piao/research/papers/mwu_align4.pdf},
        description = {Early methods for phrase alignment},
	biburl = {http://www.bibsonomy.org/bibtex/2a65dc63852291f70f8e580fd103709ce/unhammer},
	keywords = {Chinese English Master alignment corpus pri toread},
    }

@inproceedings{tinsley2007ept,
        title = {{Exploiting Parallel Treebanks to Improve Phrase-Based Statistical Machine Translation}},
        address = {Bergen, Norway},
        author = {J. Tinsley and M. Hearne and A. Way},
        booktitle = {{Proceedings of Treebanks and Linguistic Theories (TLT '07)}},
        year = 2007,
        biburl = {http://www.bibsonomy.org/bibtex/2213ca6f5e876c79ea8e3bdda784c6170/unhammer},
	keywords = {MTS Master PBSMT alignment haveread statistical treebank},
    }

@inproceedings{samuelsson2007apa,
        title = {{Automatic Phrase Alignment: Using Statistical N-Gram Alignment for Syntactic Phrase Alignment}},
        address = {Bergen, Norway},
        author = {Y. Samuelsson and M. Volk},
        booktitle = {{Proceedings of Treebanks and Linguistic Theories (TLT '07)}},
        year = 2007,
        biburl = {http://www.bibsonomy.org/bibtex/22900500ffe841190abff885bd1cc595f/unhammer},
	keywords = {Master XPAR alignment haveread statistical syntax},
    }

@inproceedings{charniak2003sbl,
        title = {Syntax-based language models for statistical machine translation},
        author = {Eugene Charniak and Kevin Knight and Kenji Yamada},
        booktitle = {MT Summit IX. Intl. Assoc. for Machine Translation},
        year = 2003,
        biburl = {http://www.bibsonomy.org/bibtex/292aea5536fb37443fb4743504b75e35c/unhammer},
	keywords = {Master PBSMT evaluation pri},
    }

@book{aronson1990grg,
        title = {{Georgian. A Reading Grammar. Corrected Edition}},
        address = {Columbus, OH},
        author = {H.I. Aronson},
        publisher = {Slavica Publishers},
        year = 1990,
        biburl = {http://www.bibsonomy.org/bibtex/2a7543fd18797d9731472a34cbb7266f6/unhammer},
	keywords = {Georgian Master grammar reference toread},
    }

@inproceedings{denero2008cpa,
        title = {The Complexity of Phrase Alignment Problems},
        address = {Columbus, Ohio},
        author = {John DeNero and Dan Klein},
        booktitle = {Proceedings of ACL-08: HLT, Short Papers},
        pages = {25--28},
        publisher = {Association for Computational Linguistics},
        year = 2008,
        url = {http://www.aclweb.org/anthology/P/P08/P08-2007},
        
      month = {June},
    biburl = {http://www.bibsonomy.org/bibtex/2e0b645438b5a38b07357c56db976f50d/unhammer},
	keywords = {ILP Master PBSMT alignment complexity toread},
    }

@book{hatim2004tar,
        title = {{Translation: An Advanced Resource Book}},
        address = {London},
        author = {Basil Hatim and Jeremy Munday},
        publisher = {Routledge},
        year = 2004,
        biburl = {http://www.bibsonomy.org/bibtex/2d66af969d47ad9c5f9bcfbe6478dead8/unhammer},
	keywords = {Master loan toread translation},
    }

@book{munday2001its,
        title = {{Introducing Translation Studies: Theories and Applications}},
        address = {London},
        author = {Jeremy Munday},
        publisher = {Routledge},
        year = 2001,
        biburl = {http://www.bibsonomy.org/bibtex/2c63ea95fdf25442e6a1946a220f4fbf2/unhammer},
	keywords = {Master loan toread translation},
    }

@article{dorr2002dmu,
        title = {{DUSTer: A Method for Unraveling Cross-Language Divergences for Statistical Word-Level Alignment}},
        author = {B.J. Dorr and L. Pearl and R. Hwa and N. Habash},
        booktitle = {Proceedings of the 5th Conference of the Association for Machine Translation in the Americas on Machine Translation: From Research to Real Users},
        organization = {Springer-Verlag London, UK},
        pages = {31--43},
        year = 2002,
        biburl = {http://www.bibsonomy.org/bibtex/299e78d6ad008ab16507525787268ba79/unhammer},
	keywords = {MT Master alignment pri statistical toread translation},
    }

@inproceedings{drabek2004ibw,
        title = {{Improving bitext word alignments via syntax-based reordering of English}},
        address = {Morristown, NJ, USA},
        author = {E.F. Dr{\'a}bek and D. Yarowsky},
        booktitle = {Proceedings of the ACL 2004 on Interactive poster and demonstration sessions},
        pages = 14,
        publisher = {Association for Computational Linguistics},
        year = 2004,
        biburl = {http://www.bibsonomy.org/bibtex/253be72e0d7eb202e313f6058e3a02d90/unhammer},
	keywords = {Master alignment haveread statistical},
    }

@inproceedings{marcu2002pbj,
        title = {A phrase-based, joint probability model for statistical machine translation},
        address = {Morristown, NJ, USA},
        author = {Daniel Marcu and William Wong},
        booktitle = {EMNLP '02: Proceedings of the ACL-02 conference on Empirical methods in natural language processing},
        pages = {133--139},
        publisher = {Association for Computational Linguistics},
        year = 2002,
        biburl = {http://www.bibsonomy.org/bibtex/2ff0364b857c33e447dbd73ff1ee0788a/unhammer},
	keywords = {MT Master PBSMT alignment haveread statistical},
    doi = {http://dx.doi.org/10.3115/1118693.1118711}}

@misc{fung1994anp,
        title = {Aligning Noisy Parallel Corpora Across Language Groups : Word Pair Feature Matching by Dynamic Time Warping},
        author = {Pascale Fung and Kathleen McKeown},
        year = 1994,
        url = {http://www.citebase.org/abstract?id=oai:arXiv.org:cmp-lg/9409011},
        abstract = {We propose a new algorithm called DK-vec for aligning pairs of Asian/Indo-European noisy parallel texts without sentence boundaries. DK-vec improves on previous alignment algorithms in that it handles better the non-linear nature of noisy corpora. The algorithm uses frequency, position and recency information as features for pattern matching. Dynamic Time Warping is used as the matching technique between word pairs. This algorithm produces a small bilingual lexicon which provides anchor points for alignment.},
	biburl = {http://www.bibsonomy.org/bibtex/25c852047e1bcca51eefbf2e6f0741c6d/unhammer},
	keywords = {Master alignment anchor statistical toread},
    }

@article{hofland1998tca,
        title = {{The Translation Corpus Aligner: A program for automatic alignment of parallel texts}},
        author = {K. Hofland and S. Johansson},
        journal = {Corpora in Cross-linguistic Research: Theory and Method, and Case Studies},
        pages = {87--100},
        year = 1998,
        biburl = {http://www.bibsonomy.org/bibtex/23361c14ba2d3c28ce2527d7ec4dfc040/unhammer},
	keywords = {Master alignment anchor toread},
    }

@article{gildea2003ltb,
        title = {{Loosely tree-based alignment for machine translation}},
        author = {D. Gildea},
        journal = {Proceedings of ACL},
        volume = 3,
        year = 2003,
        biburl = {http://www.bibsonomy.org/bibtex/2e8ae7136d392ed280d1417f067369453/unhammer},
	keywords = {MT Master alignment haveread pri treebank},
    }

@inproceedings{rosen1996laa,
        title = {{The LFG Architecture and ``Verbless'' Syntactic Constructions}},
        address = {Stanford},
        author = {V. Ros{\'e}n},
        editor = {M. Butt and T. H. King},
        journal = {Proceedings of the LFG ’96 Conference},
        publisher = {CSLI Publications},
        year = 1996,
        biburl = {http://www.bibsonomy.org/bibtex/2c7e7a9c0adf7e321ab1ae0f7a9743160/unhammer},
	keywords = {LFG Master XPAR syntax toread},
    }

@inproceedings{rosen2007tmt,
        title = {{Theoretically Motivated Treebank Coverage}},
        address = {Tartu},
        author = {V. Ros{\'e}n and K. De Smedt},
        booktitle = {Proceedings of the 16th Nordic Conference of Computational Linguistics NODALIDA-2007},
        editor = {Joakim Nivre and Heiki-Jaan Kaalep and Kadri Muischnek and Mare Koit},
        pages = {152--159},
        publisher = {University of Tartu},
        year = 2007,
        url = {http://hdl.handle.net/10062/2566},
        biburl = {http://www.bibsonomy.org/bibtex/2239bae6cf6c5c6703087f7d225987e46/unhammer},
	keywords = {Master XPAR toread treebank},
    }

@article{brown1990sam,
        title = {A Statistical Approach to Machine Translation.},
        author = {Peter F. Brown and John Cocke and Stephen Della Pietra and Vincent J. Della Pietra and Frederick Jelinek and John D. Lafferty and Robert L. Mercer and Paul S. Roossin},
        journal = {Computational Linguistics},
        number = 2,
        pages = {79-85},
        volume = 16,
        year = 1990,
        url = {http://dblp.uni-trier.de/db/journals/coling/coling16.html#BrownCPPJLMR90},
        biburl = {http://www.bibsonomy.org/bibtex/272b2deacd76095812b2b15ce0bfd7d25/unhammer},
	keywords = {MT Master alignment mathematics statistical},
    date = {2002-02-13}}

@article{och2003scv,
        title = {A Systematic Comparison of Various Statistical Alignment Models.},
        author = {Franz Josef Och and Hermann Ney},
        journal = {Computational Linguistics},
        number = 1,
        pages = {19-51},
        volume = 29,
        year = 2003,
        url = {http://dblp.uni-trier.de/db/journals/coling/coling29.html#OchN03},
        biburl = {http://www.bibsonomy.org/bibtex/2c8b8d8a407d6faa1594bfe2154ebe178/unhammer},
	keywords = {MT Master alignment statistical},
    date = {2003-04-03}}

@article{samuelsson2005par,
        title = {{Presentation and Representation of Parallel Treebanks}},
        author = {Y. Samuelsson and M. Volk},
        journal = {Treebanking for discourse speech: proceedings of the NODALIDA 2005-special session on treebanks for spoken language and discourse},
        publisher = {Forlaget Samfundslitteratur},
        year = 2005,
        biburl = {http://www.bibsonomy.org/bibtex/253dbe5c803c5519db27828d1716e27cd/unhammer},
	keywords = {Master tofind toread treebank},
    }

@article{cyrus2004apa,
        title = {Annotating Predicate-Argument Structure for a Parallel Treebank},
        author = {Lea Cyrus and Hendrik Feddes and Frank Schumacher},
        journal = {LISBON},
        pages = 39,
        volume = 2004,
        year = 2004,
        url = {http://arxiv.org/abs/cs/0407002},
        abstract = { We report on a recently initiated project which aims at building a multi-layered parallel treebank of English and German. Particular attention is devoted to a dedicated predicate-argument layer which is used for aligning translationally equivalent sentences of the two languages. We describe both our conceptual decisions and aspects of their technical realisation. We discuss some selected problems and conclude with a few remarks on how this project relates to similar projects in the field.},
	biburl = {http://www.bibsonomy.org/bibtex/29c7c3366e39ceb7dda7cfaf31c4e1d3a/unhammer},
	keywords = {Master alignment parallel pri semantics toread treebank},
    }

@inproceedings{samuelsson2004ani,
        title = {{Automatic Node Insertion for Treebank Deepening}},
        author = {Y. Samuelsson and M. Volk},
        editor = {S. Kübler and J. Nivre and E. Hinrichs and H. Wunsch},
        journal = {Third Workshop on Treebanks and Linguistic Theories (TLT 2004)},
        year = 2004,
        biburl = {http://www.bibsonomy.org/bibtex/2e591a18ae7c79e46ae5ee4c79f3bb8e9/unhammer},
	keywords = {Master toread treebank},
    }

@inproceedings{haug2008cpt,
        title = {{Creating a Parallel Treebank of the Old Indo-European Bible Translations}},
        author = {D.T.T. Haug and M.L. J{\o}hndal},
        organization = {LaTeCH 2008},
        year = 2008,
        biburl = {http://www.bibsonomy.org/bibtex/2ea4edc6c2506c3f883f330508a7c370a/unhammer},
	keywords = {Master bible toread treebank},
    }

@book{grimshaw1990as,
        title = {{Argument structure}},
        address = {Cambridge, MA},
        author = {J.B. Grimshaw},
        publisher = {MIT Press },
        series = {Linguistic Inquiry Monographs},
        year = 1990,
        biburl = {http://www.bibsonomy.org/bibtex/297678aa39895b06f7e586dd4245156ea/unhammer},
	keywords = {LING305 Master argument_structure semantics syntax toread},
    }

@phdthesis{klein-thesis,
        title = {{The Unsupervised Learning of Natural Language Structure}},
        author = {Dan Klein},
        school = {Stanford University},
        year = 2005,
        biburl = {http://www.bibsonomy.org/bibtex/2f6777dff0e2773f224f8989b4c189e17/unhammer},
	keywords = {DG Master NLP parsing statistical unsupervised},
    }

@book{alsina1997cp,
        title = {Complex Predicates},
        address = {Stanford, CA, USA},
        editor = {Alex Alsina and Joan Bresnan and Peter Sells},
        howpublished = {Paperback},
        publisher = {Center for the Study of Language and Information},
        year = 1997,
        
      month = {October},
    abstract = {Complex predicates can be defined as predicates which are composed of more than one grammatical element (either morphemes or words), each of which contributes a non-trivial part of the information of the complex predicate. The papers collected in this volume, which were presented at a workshop at Stanford in 1993, represent a variety of approaches to the question of the range and nature of complex predicates, and draw on data from a wide spectrum of languages. This collection develops a better understanding of the range of phenomena that a general theory of complex predicates would have to account for, and to see what kinds of linguistic ideas and methodologies would be necessary for such a task.},
	biburl = {http://www.bibsonomy.org/bibtex/2f20acfde1843b6d433c71c298718862c/unhammer},
	keywords = {Master complex_predicates morphology syntax},
    citeulike-article-id = {500255}, priority = {0}, isbn = {1575860465}}

